4078 6182
558 233 706 290 1023

1612 223 1960 281 HINCMARJ
2000 219 2477 277 LUGDUNENSIS
2516 216 2829 275 EPISCOPI

3720 215 3847 271 1024

556 399 672 439 eam
712 381 917 447 sedem,
952 379 1109 451 cujus
1145 395 1308 435 causa
1350 385 1443 432 aut
1482 392 1513 431 a
1551 391 1607 430 se
1646 377 1991 445 negotiorum
2036 389 2149 427 me-
2179 377 2229 434 Α
2272 392 2292 417 ‹
2318 369 2570 425 nesciunt
2599 367 2732 441 quid
2764 368 3080 438 loquantur.
3113 364 3319 451 Contra
3338 379 3478 435 quos
3505 364 3746 437 bocipso
3765 385 3847 424 ve.

557 471 681 528 ritis
709 470 1062 541 exigentibus
1102 469 1159 523 in
1191 468 1393 523 melius
1424 472 1813 531 commutatur,
1855 470 1951 517 aut
1987 462 2160 516 solius

557 560 657 616 Dei
689 560 809 615 sine
839 558 1141 632 quastione
1170 564 1486 612 reservatur
1505 552 1756 607 arbitrio.
1780 551 1950 619 Quem
1976 559 2157 607 autem

510 644 511 647 “
558 651 852 721 primatem
881 648 1181 703 dioeceseos
1209 652 1400 701 sancta
1429 640 1679 714 synodus
1706 641 1938 707 dixerit,
1966 648 2161 712 praeter

558 737 792 808 apostoli
824 735 995 808 primi
1025 735 1297 790 vicarium
1327 732 1517 787 nullus
1548 728 1769 801 penitus
1807 729 2155 800 intelligitur.

559 833 679 904 Ipse
737 840 817 887 est
872 831 1021 886 enim
1077 830 1318 901 primas,
1360 827 1455 899 qui
1495 834 1549 881 et
1589 826 1799 896 primus
1839 824 2071 880 habetur
2109 832 2162 879 et

558 938 809 978 summus
843 939 855 975 :
889 936 1008 991 qua
1039 918 1279 985 viritim,
1311 918 1356 972 si
1387 917 1541 971 locus
1569 915 1832 986 exegerit,
1875 913 1931 967 in
1963 912 2162 969 subdi—

557 1009 632 1063 tis
661 1007 1182 1064 demonstrabimus.
1216 1006 1296 1061 Ne
1316 1021 1447 1060 vero
1476 1010 1714 1091 moveat,
1741 1004 1869 1074 quia
1896 1002 2159 1073 singulari

560 1116 793 1156 numero
831 1100 1129 1155 diaceseos
1185 1098 1399 1154 dictum
1440 1107 1543 1165 est,
1604 1097 1886 1152 sciendum
1920 1105 2002 1152 est
2033 1097 2163 1167 quia

560 1189 904 1245 tantumdem
934 1190 1081 1244 valet
1111 1188 1319 1243 dixisse
1350 1188 1639 1259 primatem
1671 1187 1965 1242 dioeceseos
1994 1202 2160 1257 quan-

558 1288 678 1335 tum
728 1279 773 1334 si
821 1278 1188 1350 perhibuisset
1234 1277 1563 1333 dioeceseon.
1614 1276 1795 1332 Plena
1839 1284 1965 1330 sunt
2013 1275 2159 1330 enim

559 1374 758 1423 sancta
812 1367 1107 1438 Scriptura
1156 1366 1253 1420 tali
1305 1366 1481 1420 forma
1536 1364 1854 1421 locutionis.
1912 1364 2160 1436 Denique

560 1456 829 1527 scriptum
872 1464 990 1511 est:
1024 1456 1167 1509 Fons
1195 1456 1504 1510 ascendebat
1534 1473 1559 1509 e
1594 1462 1737 1510 terra
1780 1455 2017 1525 irrigans
2045 1456 2161 1508 uni-

556 1560 764 1599 versam
790 1543 1118 1614 superﬁciem
1148 1549 1304 1597 terra:
1334 1544 1488 1614 (Gen.
1525 1561 1583 1610 ιι,
1618 1542 1697 1613 6).
1733 1541 1837 1608 Qui
1869 1543 2014 1596 enim
2052 1558 2163 1597 non

557 1633 654 1700 ait,
684 1649 851 1693 unus
908 1634 1032 1688 fons
1072 1632 1402 1688 ascendebat
1439 1648 1469 1687 e
1523 1640 1689 1699 terra,
1749 1633 1841 1687 sed
1882 1634 1980 1700 ait,
2041 1633 2163 1687 fons

2280 480 2299 503 ι
2328 459 2448 513 nire
2468 473 2523 511 se
2537 455 2797 527 produnt,
2820 454 2966 526 quod
2989 452 3182 525 prima
3199 448 3314 507 sedi
3329 467 3461 506 sana
3471 459 3728 525 rectaque
3747 471 3849 511 sua-

2283 570 2301 592 -
2331 545 2482 602 denti
2512 559 2698 616 parere
2729 543 2968 614 fugiunt.
2993 540 3102 613 Ipsi
3124 547 3253 594 sunt
3271 555 3532 604 canones,
3554 541 3647 612 qui
3678 546 3849 614 appel-

2283 660 2301 683 ι
2333 636 2563 691 lationes
2581 634 2749 690 totius
2777 633 3036 689 Ecclesia
3056 631 3125 687 ad
3154 629 3320 701 hujus
3348 630 3496 686 sedis
3514 647 3749 687 examen
3775 650 3850 689 vo-

2278 749 2303 771 ηε
2325 726 2473 780 luere
2485 724 2685 780 deferri
2694 768 2707 792 ,
2726 722 2793 778 ab
2806 722 2921 795 ipsa
2936 737 3067 777 vero
3078 737 3349 793 nusquam
3366 737 3594 792 prorsus
3604 724 3852 793 appellari

2284 837 2303 859 ε
2331 814 2527 869 debere
2544 820 2870 881 sanxerunt,
2887 827 2951 867 ac
2979 827 3074 882 per
3103 810 3209 867 hoc
3224 810 3377 864 illam
3398 809 3467 865 de
3484 818 3604 865 tota
3623 812 3852 868 Ecclesia

2285 925 2304 947 ι
2322 902 2591 973 judicare,
2622 902 2799 973 ipsam
2815 899 2885 955 ad
2906 899 3116 955 nullius
3131 914 3249 954 com
3259 913 3437 953 meare
3448 897 3754 969 judicium,
3772 919 3854 958 nec

2287 1016 2305 1039 ι
2333 992 2400 1046 de
2421 992 2538 1063 ejus
2557 1007 2802 1063 unquam
2823 998 3198 1061 praceperunt
3207 987 3421 1059 judicio
3446 988 3719 1059 judicari,
3754 1009 3853 1047 sen-

2284 1105 2305 1130 ‹
2334 1082 2676 1153 tentiamque
2707 1080 2862 1135 illius
2889 1080 3299 1135 constituerunt
3319 1094 3430 1132 non
3459 1086 3716 1149 oportere
3747 1080 3851 1136 dis-

2286 1196 2303 1217 ·
2325 1171 2487 1237 solvi,
2512 1168 2669 1240 cujus
2699 1169 2883 1239 potius
2912 1166 3190 1240 sequenda
3209 1166 3425 1222 decreta
3452 1166 3807 1225 mandarunt.
3826 1197 3839 1218 .

2271 1260 2415 1330 Ergo
2445 1259 2511 1313 de
2536 1256 2749 1328 judicio
2780 1255 3012 1313 Romani
3068 1255 3319 1326 prasulis
3353 1271 3463 1309 non
3495 1258 3849 1326 retractando,

2272 1349 2402 1423 quia
2447 1364 2547 1403 nec
2594 1363 2711 1402 mos
2754 1345 2946 1417 exigit,
2997 1345 3145 1418 quod
3188 1344 3435 1401 diximus
3483 1348 3850 1418 comprobato.

2270 1437 2391 1493 Non
2423 1452 2683 1507 negamus
2710 1434 2956 1507 ejusdem
2978 1434 3122 1489 sedis
3149 1434 3481 1490 sententiam
3503 1452 3660 1507 posse
3682 1436 3739 1490 in
3762 1454 3852 1492 me-

2272 1526 2382 1582 lius
2432 1524 2784 1591 commutari,
2833 1539 2960 1580 cum
3003 1530 3097 1577 aut
3151 1522 3257 1577 sibi
3301 1522 3621 1594 subreptum
3656 1525 3855 1597 aliquid

2270 1614 2460 1684 fuerit,
2492 1622 2585 1669 aut
2613 1615 2749 1685 ipsa,
2783 1630 2881 1685 pro
2908 1612 3344 1669 consideratione
3372 1621 3596 1668 atatum
3624 1616 3716 1670 vel
3742 1624 3852 1670 tem-

557 1730 739 1776 autem
764 1721 1093 1777 ascendebat
1120 1738 1149 1776 e
1178 1729 1344 1789 terra,
1378 1739 1475 1792 pro
1495 1737 1726 1776 numero
1749 1721 1946 1791 plurali
1978 1722 2155 1792 posuit

2272 1721 2467 1776 porum
2489 1720 2585 1758 seu
2597 1704 2846 1775 gravium
2865 1702 3274 1767 necessitatum,
3296 1701 3699 1774 dispensatorie
3721 1704 3852 1777 quid-

554 1807 889 1879 singularem
920 1827 934 1875 ;
980 1817 1042 1863 ut
1079 1809 1161 1863 sic
1200 1808 1575 1879 intelligamus
1614 1808 1794 1863 fontes
1834 1811 2035 1865 multos
2066 1826 2160 1881 per

556 1896 877 1951 universam
921 1904 1122 1951 terram
1171 1897 1290 1952 loca
1329 1899 1419 1951 vel
1453 1898 1703 1968 regiones
1742 1898 1993 1969 proprias
2021 1900 2161 1953 irri-

557 1992 764 2053 gantes,
798 1985 947 2039 sicut
990 1985 1197 2040 dicitur
1243 1986 1425 2052 miles,
1469 1996 1523 2040 et
1553 1986 1717 2040 multi
1747 1986 2156 2057 intelliguntur,

556 2070 701 2125 sicut
756 2070 907 2127 dicta
945 2079 1027 2125 est
1082 2073 1295 2128 locusta
1332 2080 1386 2127 et
1444 2088 1575 2126 rana
1627 2074 1683 2128 in
1731 2074 1904 2145 plagis
1960 2074 2159 2145 quibus

554 2160 807 2231 Egyptii
839 2161 1081 2231 percussi
1141 2169 1291 2229 sunt,
1347 2179 1475 2217 cum
1530 2170 1672 2218 esset
1728 2163 2161 2221 innumerabilis

554 2248 893 2305 locustarum
924 2266 1188 2305 numerus
1208 2258 1262 2305 et
1292 2267 1568 2308 ranarum.
1593 2253 1674 2308 Ita
1690 2260 1743 2308 et
1764 2253 1856 2310 hic
1878 2254 2158 2310 dioecesim

555 2338 913 2410 singulariter
940 2340 1107 2408 dixit,
1153 2342 1247 2397 sed
1288 2341 1431 2397 hanc
1460 2351 1681 2414 propter
1709 2344 1979 2398 unitatem
2012 2345 2161 2414 pacis

554 2439 608 2485 et
628 2430 779 2499 ﬁdei,
804 2433 1093 2503 pluraliter
1112 2432 1350 2504 intelligi
1373 2434 1572 2489 voluit.
1594 2458 1611 2479 ι
1658 2435 1786 2488 Item
1813 2434 1920 2504 ipse
1945 2452 1955 2489 :
1979 2460 1995 2480 ε
2024 2434 2161 2489 Cum

552 2518 713 2574 beato
736 2521 957 2576 Gelasio
980 2530 1181 2576 nostra
1203 2522 1351 2577 sedis
1372 2523 1619 2578 antistite
1640 2524 1890 2580 consulte
1913 2522 2162 2579 dicemus

558 2608 874 2677 (Gnnasws,
907 2610 1057 2678 epist.
1082 2610 1135 2676 6,
1167 2611 1240 2664 ad
1270 2611 1427 2679 episc.
1457 2629 1556 2681 per
1574 2612 1701 2667 Luc.
1735 2617 1783 2665 et
1800 2613 1986 2682 Brut.)
2020 2630 2030 2667 :
2060 2612 2160 2667 Ne-

553 2695 789 2749 cessaria
811 2712 993 2751 rerum
1016 2696 1379 2768 dispositione
1400 2701 1861 2771 constringimur,
1877 2709 1931 2755 et
1947 2710 2159 2774 apostq-

555 2782 677 2839 lica
699 2782 843 2836 sedis
863 2784 1236 2840 moderamine
1258 2789 1649 2856 convenimur,
1673 2790 1751 2845 sic
1771 2806 2047 2846 canonum
2070 2808 2159 2862 pa-

553 2877 839 2924 ternorum
859 2871 1077 2930 decreta
1095 2872 1318 2940 librare,
1337 2884 1391 2929 et
1412 2885 1560 2931 retro
1582 2880 1879 2947 prasulum
1900 2879 2161 2935 decesso—

555 2973 789 3030 rumque
807 2966 1237 3029 nostrorumque
1262 2972 1531 3033 pracepta
1563 2966 1770 3032 metiri,
1794 2976 1855 3021 ut
1875 2985 1995 3040 qua
2026 2985 2158 3040 pra-

2269 1794 2394 1849 dam
2424 1793 2681 1848 ordinare
2714 1792 3038 1848 decreverit.
3062 1790 3332 1859 Quoniam
3354 1798 3407 1846 et
3427 1791 3714 1862 egregium
3747 1808 3853 1862 apo~

2269 1886 2472 1939 stolum
2502 1884 2730 1938 Paulum
2763 1883 3012 1955 quadam
3051 1881 3242 1937 fecisse
3290 1880 3695 1952 dispensatorie
3725 1881 3847 1950 legi-

2269 1988 2413 2039 mus,
2450 1987 2571 2042 qua
2622 1978 2809 2042 postea
2858 1971 3172 2043 reprobasse
3214 1970 3579 2042 dignoscitur.
3630 1968 3851 2035 Quando

2271 2069 2453 2116 tamen
2475 2058 2591 2127 illa,
2618 2060 2862 2116 Romana
2892 2059 3150 2117 videlicet
3178 2059 3445 2127 Ecclesia,
3471 2058 3854 2114 discretissima

2269 2148 2709 2205 consideratione
2742 2147 2857 2203 ﬁeri
2892 2148 3171 2219 delegerit,
3219 2166 3331 2204 non
3363 2147 3586 2221 quando
3614 2148 3735 2218 ipsa
3753 2164 3849 2220 qua

2268 2237 2407 2292 bene
2433 2244 2562 2292 sunt
2590 2236 2827 2292 diﬂinita
2854 2244 3144 2294 retractare
3173 2239 3433 2293 renuerit.
3472 2237 3649 2307 Porro
3681 2253 3753 2292 ne
3776 2237 3851 2291 di-

2269 2327 2425 2395 catis,
2463 2336 2659 2398 prater
2693 2328 2951 2383 Ecclesia
3002 2330 3171 2400 legem
3220 2330 3491 2400 Ignatium
3523 2338 3579 2384 et
3606 2328 3849 2384 Photinm

2270 2415 2499 2470 Romam
2531 2417 2719 2471 venire
2769 2417 3032 2484 sanxisse,
3074 2418 3267 2473 scitote
3315 2434 3416 2473 nos
3447 2418 3661 2489 antiqui
3695 2417 3844 2489 patris

2270 2511 2323 2559 et
2366 2505 2778 2576 pradecessoris
2828 2505 2998 2560 nostri
3049 2506 3181 2561 Julii
3232 2506 3287 2561 in
3336 2506 3441 2561 hoc
3483 2521 3599 2561 esse
3643 2516 3844 2561 secutos

2271 2594 2609 2664 exemplum,
2644 2592 2735 2666 qui
2761 2592 2923 2664 juxta
2943 2594 3159 2667 quodin
3189 2595 3420 2666 epistola
3444 2611 3537 2649 sua
3565 2595 3843 2666 reperitur,

2270 2681 2358 2737 his
2409 2685 2504 2755 qui
2545 2694 2916 2741 convenerant
2942 2685 3253 2743 Antiochia
3282 2685 3389 2742 hoc
3421 2687 3746 2759 pracepisse
3770 2686 3848 2741 di-

2269 2775 2573 2844 gnoscitur,
2600 2782 2654 2830 et
2682 2775 3536 2848 Theodoritushistoriographus
3560 2778 3619 2831 in
3651 2776 3743 2831 his
3763 2776 3849 2830 hoc

2270 2862 2450 2934 ipsum
2475 2864 2658 2919 verbis
2687 2864 2928 2919 ostendit
2965 2865 3082 2936 (lib.
3116 2883 3177 2933 ιι,
3198 2883 3312 2937 cap.
3344 2865 3436 2936 4):
3476 2891 3495 2912 ι
3534 2864 3849 2932 Vernm,in-
3890 2934 3893 2935 ν

2283 2976 2302 2998 ι
2334 2953 2550 3024 quiens,
2584 2952 2858 3009 Eusebius
2902 2952 3130 3026 ejusque
3162 2962 3440 3009 consortes
3466 2954 3771 3009 calumnias
3798 2953 3847 3007 in

554 3047 798 3102 sentium
831 3049 1126 3106 necessitas
1163 3057 1475 3122 temporum
1512 3055 1882 3110 restaurandis
1911 3058 2161 3113 ecclesiis
2199 3092 2243 3151 Ο
2285 3065 2304 3086 ‘
2334 3042 2700 3098 Athanasium
2721 3043 2891 3099 Ῑδῦῖδε
2918 3044 3843 3145 1.11“?Romanopomiﬁcidestlm‘

558 3135 856 3191 relaxanda
871 3137 1138 3207 deposcit,
1157 3138 1407 3194 adhibita
1423 3140 1860 3198 consideratione
1882 3145 2155 3214 diligenti,

554 3233 822 3296 quantum
863 3234 1043 3298 potest
1099 3227 1221 3282 ﬁeri
1259 3236 1646 3300 temperemus.
1688 3232 1762 3285 Et
1803 3234 2061 3303 quoniam
2092 3235 2160 3289 de

551 3330 781 3386 persona
820 3315 1019 3386 Ignatii
1049 3324 1213 3389 atque
1245 3317 1452 3386 Photii,
1490 3319 1634 3375 nihil
1675 3320 1968 3377 discretius
1997 3330 2159 3396 atque

551 3403 763 3472 mitius,
805 3420 1020 3460 necnon
1069 3416 1122 3463 et
1169 3406 1451 3464 salubrius
1488 3408 1843 3478 arbitramur,
1902 3428 2065 3483 quam
2097 3420 2158 3466 ut

549 3499 777 3565 uterque
808 3494 1039 3550 Romam
1060 3495 1128 3551 ad
1157 3498 1540 3553 renovandum
1562 3514 1795 3555 examen
1817 3500 2026 3569 veniat,
2051 3501 2157 3558 hoc

550 3600 875 3657 magnopere
908 3586 1190 3652 volumus,
1222 3596 1275 3641 et
1304 3596 1367 3641 ut
1406 3604 1505 3643 vos
1534 3591 1880 3646 annuntietis
1910 3593 2157 3647 salubri—

550 3679 637 3726 ter
675 3672 1058 3727 admonemus.
1118 3673 1222 3727 Sed
1262 3674 1368 3729 hoc
1410 3678 1712 3731 secundum
1756 3678 2154 3749 indulgentiam

549 3758 927 3827 concedimus,
985 3776 1099 3815 non
1130 3762 1415 3819 licentiam
1456 3764 1514 3819 id
1549 3766 1827 3822 eﬂiciendi
1859 3783 1958 3837 pro
1992 3770 2155 3825 libitu

549 3844 851 3916 cujuslibet
876 3846 1196 3904 tribuimus.
1218 3848 1488 3915 Quoniam
1511 3868 1637 3907 cum
1665 3854 1966 3909 secundum
1995 3874 2152 3912 cano-

549 3949 666 4001 nes,
708 3933 805 3988 ubi
835 3943 918 3989 est
948 3935 1125 4005 major
1154 3938 1474 4005 auctoritas,
1510 3938 1785 4008 judicium
1826 3944 2152 4002 inferiorum

550 4024 623 4077 sit
660 4024 1044 4093 deferendum,
1105 4026 1173 4081 ad
1220 4026 1639 4085 dissolvendum
1693 4033 1905 4089 scilicet
1945 4035 2030 4089 vel
2084 4035 2153 4090 ad

548 4108 950 4179 roborandum,
994 4120 1142 4183 patet
1181 4115 1426 4184 profecto
1475 4118 1619 4173 sedis
1646 4122 1962 4191 apostolicae
1995 4123 2152 4193 cujus

546 4198 875 4256 auctoritate
906 4201 1081 4272 major
1119 4220 1229 4259 non
1260 4212 1363 4272 est,
1402 4206 1680 4277 judicium
1711 4226 1742 4263 a
1772 4212 1994 4268 nemine
2034 4214 2152 4268 fore

546 4290 982 4359 retractandum,
1005 4307 1181 4364 neque
1202 4294 1459 4366 cuiquam
1490 4295 1557 4351 de
1578 4297 1623 4368 ej
1633 4314 1696 4352 us
1718 4298 1878 4354 liceat
1900 4300 2151 4372 judicare

540 4377 782 4448 judicio.
812 4379 1097 4448 Siquidem
1129 4382 1197 4437 ad
1224 4381 1380 4437 illam
1409 4382 1477 4439 de
1498 4386 1743 4457 qualibet
1773 4389 1965 4445 mundi
1998 4398 2149 4460 parte

543 4482 780 4522 canones
815 4470 1078 4540 appellari
1104 4472 1423 4541 voluerunt,
1452 4474 1519 4528 ab
1550 4474 1646 4530 illa
1672 4483 1854 4532 autem
1887 4494 2050 4533 nemo
2078 4479 2150 4536 sit

544 4557 819 4626 appellare
848 4560 1167 4628 permissus.
1208 4560 1377 4616 Juxta
1405 4563 1552 4632 quod
1575 4570 1629 4618 et
1648 4563 1969 4622 Bonifacius
1985 4576 2149 4640 atque

542 4641 792 4699 Gelasius
821 4646 1157 4702 sanctissimi
1191 4651 1474 4719 praesules,
1508 4668 1621 4706 non
1639 4653 1755 4708 suis
1782 4654 2149 4711 adinventio—

541 4730 725 4797 nibus,
767 4732 861 4786 sed
900 4734 1163 4790 Ecclesia
1222 4739 1480 4793 Romanae
1536 4743 1994 4800 consuetudinem
2035 4762 2147 4802 non

541 4816 856 4889 ignorantes
884 4820 1100 4891 dicunt,
1124 4824 1445 4881 Bonifacius
1476 4828 1703 4898 quidem
1734 4831 1875 4886 Rufo
1898 4841 1952 4887 et
1985 4842 2146 4889 vete-

539 4906 617 4962 ris
646 4907 919 4980 episcopis
940 4925 1036 4980 per
1066 4912 1404 4969 Thessaliam
1437 4923 1491 4970 et
1517 4916 1652 4972 alias
1673 4919 1988 4988 provincias
2015 4938 2142 4977 con-

538 4995 751 5052 stitutis
778 4997 1031 5055 scribens
1064 5018 1075 5055 :
1124 5024 1154 5047 ι
1200 5001 1393 5072 Nemo,
1426 5005 1523 5071 ait,
1563 5021 1808 5078 unquam
1838 5010 2143 5080 apostolico

552 5109 571 5132 ι
610 5087 865 5157 culmini,
886 5088 955 5144 de
983 5089 1143 5161 cujus
1166 5089 1397 5162 judicio
1414 5109 1524 5148 non
1543 5094 1671 5152 licet
1692 5104 2007 5167 retractare,
2032 5117 2142 5156 ma-

552 5202 571 5224 ε
608 5194 713 5233 nus
732 5179 924 5236 obvias
953 5181 1214 5238 audacter
1254 5184 1470 5242 intulit.
1496 5187 1668 5242 Nemo
1695 5187 1755 5245 in
1786 5188 1892 5247 hoc
1920 5191 2142 5247 rebellis

549 5291 567 5313 ε
606 5268 842 5335 exstitit,
874 5268 982 5323 nisi
1009 5269 1101 5340 qui
1134 5270 1200 5325 de
1229 5287 1285 5326 se
1316 5274 1496 5328 voluit
1519 5274 1778 5345 judicari.
1813 5303 1831 5324 ι

620 5398 637 5418 ι
678 5376 927 5431 Gelasius
965 5385 1150 5433 autem
1183 5380 1329 5451 (post
1346 5382 1495 5452 epist.
1529 5383 1586 5453 8)
1618 5384 1675 5439 in
1709 5387 2138 5442 commonitorio

451 5522 461 5533 θ
534 5458 734 5545 Fausto
768 5466 1027 5536 magistro
1068 5468 1321 5539 fungenti
1357 5471 1627 5542 legatione
1658 5473 2135 5545 Constantinopo-

537 5544 635 5599 lim
663 5546 812 5615 dato,
857 5575 875 5597 σ
914 5554 1104 5623 Nobis,
1150 5556 1351 5629 inquit,
1386 5569 1677 5631 opponunt
1711 5577 1964 5628 canones,
2005 5544 2137 5619 dum

2284 3153 2305 3175 ι
2339 3140 2536 3187 verunt
2561 3151 2574 3199 ;
2607 3135 2701 3205 qui
2742 3134 3183 3190 Eoclesiasticam
3214 3150 3446 3207 sequens
3477 3136 3671 3205 legem,
3698 3135 3845 3190 etiam

2283 3219 2470 3292 «ipsos
2494 3222 2721 3277 Romam
2763 3223 2953 3278 venire
2988 3224 3266 3296 praeepit,
3300 3232 3353 3279 et
3391 3225 3762 3280 venerabilem
3789 3224 3844 3279 ad

2283 3308 2591 3379 «judicium
2612 3311 2936 3383 regulariter
2959 3313 3211 3369 evocavit
3232 3332 3243 3367 :
3270 3313 3365 3368 ille
3384 3313 3650 3368 continuo
3670 3329 3842 3371 evoca-

2282 3423 2299 3444 ε
2332 3397 2482 3453 tione
2511 3409 2760 3471 suscepta
2783 3401 2949 3456 venit.
2978 3426 2995 3450 ›
3038 3400 3194 3467 Quod
3220 3400 3265 3454 si
3293 3400 3360 3455 ad
3392 3401 3498 3457 hoc
3530 3402 3738 3469 dicitis,
3767 3403 3846 3455 ille

2270 3488 2493 3560 quidem
2542 3491 2783 3558 vocavit,
2807 3490 2904 3547 sed
2946 3491 3050 3562 ipsi
3074 3492 3262 3547 venire
3279 3500 3749 3562 contempserunt,
3768 3508 3846 3546 au-

2266 3584 2377 3631 tem
2429 3579 2730 3650 sequentia,
2782 3587 2836 3635 et
2864 3578 3127 3634 videbitis
3145 3586 3331 3634 utrum
3361 3580 3419 3634 in
3451 3580 3687 3647 laudem,
3710 3597 3773 3635 an
3792 3580 3841 3634 in

2266 3670 2628 3739 vituperium,
2674 3670 2781 3725 ista
2810 3671 2881 3725 sit
2927 3670 3042 3725 illis
3064 3678 3313 3742 reputate
3334 3672 3691 3742 contemptio.
3718 3669 3842 3724 Sub-

2258 3756 2451 3828 junxit
2487 3760 2637 3814 enim
2670 3760 2818 3815 idem
2863 3758 3340 3831 historiographus
3355 3760 3574 3816 dicens:
3609 3759 3846 3817 «Calum-

2278 3871 2297 3893 «ι
2324 3848 2540 3903 niarum
2571 3865 2703 3905 vero
2733 3848 3094 3905 sarcinatores
3123 3850 3349 3905 Romam
3372 3851 3597 3923 quidem
3627 3849 3844 3922 profecti

2278 3960 2296 3983 ε
2325 3953 2435 3991 non
2469 3946 2616 4001 sunt,
2647 3939 2884 3995 scientes
2909 3939 3071 3995 facile
3091 3955 3253 3994 suum
3280 3940 3399 4011 capi
3427 3955 3584 4011 posse
3616 3938 3833 3994 menda-

2276 4049 2295 4072 ‹
2324 4027 2492 4082 cium.
2516 4052 2534 4075 ›
2574 4028 2651 4083 Ne
2671 4045 2798 4099 ergo
2827 4029 3024 4084 dicatis
3050 4045 3150 4084 nos
3170 4039 3366 4101 prater
3396 4031 3653 4087 Ecclesia
3672 4031 3831 4099 legem

2261 4117 2515 4186 prafatos
2541 4118 2770 4173 Romam
2801 4118 2992 4173 venire
3021 4118 3287 4186 sanxisse,
3320 4120 3586 4191 quoniam
3615 4122 3747 4175 sicut
3777 4134 3839 4173 ex

2262 4205 2706 4280 historiographo
2732 4222 2855 4262 ecce
2881 4207 3135 4276 audistis,
3168 4208 3359 4264 beatus
3384 4210 3567 4265 Julius
3601 4217 3651 4265 et
3676 4224 3838 4264 accu-

2259 4305 2437 4351 satum
2486 4304 2540 4351 et
2581 4303 2927 4353 accusatores
2978 4299 3203 4354 Romam
3257 4298 3448 4353 venire
3496 4298 3765 4371 pracepit,
3794 4306 3843 4351 et

2258 4384 2629 4440 venerabilem
2660 4385 3029 4440 Athanasium
3058 4386 3127 4441 ad
3149 4386 3425 4457 judicium
3459 4387 3725 4444 evocavit.
3746 4382 3841 4439 Sed

2259 4472 2372 4542 ille,
2397 4475 2491 4547 qui
2510 4475 2711 4530 bonam
2730 4475 3125 4532 conscientiam
3143 4474 3383 4546 gerebat,
3407 4474 3554 4530 nihil
3575 4477 3843 4531 reluctans

2258 4564 2441 4620 venit:
2474 4564 2558 4619 illi
2578 4581 2730 4633 vero,
2755 4565 2848 4637 qui
2873 4566 3091 4632 malam,
3122 4572 3595 4636 contempserunt,
3621 4564 3843 4621 scientes

2256 4652 2524 4722 profecto,
2577 4652 2723 4710 sicut
2778 4653 2855 4709 ibi
2911 4654 3131 4725 legitur,
3165 4653 3325 4709 facile
3357 4669 3520 4709 suum
3549 4670 3698 4726 posse
3726 4651 3842 4724 capi

2256 4744 2629 4801 mendacium.
2653 4771 2671 4792 ι

2325 4854 2455 4907 Item
2476 4852 2611 4922 ipse:
2651 4877 2669 4899 α
2689 4853 2962 4909 Volumus
2982 4861 3037 4910 et
3053 4855 3128 4910 ita
3147 4854 3519 4923 decernimus,
3539 4851 3838 4911 istiusmodi

2253 4940 2570 5012 pontiﬁcem
2601 4942 2767 5013 digna
2800 4960 2899 5015 pro
2933 4945 3092 5002 factis
3137 4945 3397 5017 recipere,
3431 4955 3494 5001 ut
3518 4941 3839 5001 sacerdotale

2253 5029 2421 5085 decus
2449 5030 2668 5102 penitus
2696 5048 2807 5087 non
2839 5032 3089 5101 vilescat,
3116 5050 3215 5091 nec
3246 5044 3357 5089 tam
3380 5035 3543 5091 facile
3572 5030 3839 5107 pontiﬁca-

2254 5119 2323 5175 lis
2352 5137 2492 5191 apex
2522 5128 2667 5176 terra
2694 5130 2853 5176 tenus
2878 5121 3223 5179 incurvetur.
3256 5123 3356 5190 Ita,
3393 5122 3649 5195 inquam,
3678 5118 3839 5175 volu-

2251 5224 2374 5264 mus
2395 5216 2451 5264 et
2478 5208 2848 5277 decernimus,
2874 5210 3044 5278 hunc,
3069 5210 3181 5266 imo
3210 5225 3599 5283 quemcunque
3616 5204 3837 5281 pontiﬁ—

2250 5314 2390 5366 cem,
2422 5298 2585 5370 justa
2615 5298 2779 5354 subdi
2809 5299 3117 5367 sententia,
3167 5308 3230 5355 ut
3270 5316 3383 5355 non
3435 5317 3465 5354 a
3496 5296 3836 5357 saecularibus

2249 5387 2667 5460 quibuscunque
2715 5386 3018 5458 judicetur,
3077 5404 3190 5443 non
3254 5390 3547 5459 tyrannice
3592 5388 3834 5459 pellatur.

2246 5492 2360 5531 non
2388 5486 2513 5533 ante
2544 5478 2882 5535 audientiam
2927 5480 3159 5536 ecclesia
3188 5496 3283 5535 sua
3333 5480 3604 5551 privetur,
3638 5492 3734 5531 non
3760 5470 3837 5560 ab

2250 5565 2606 5623 inferioribus
2634 5569 2729 5625 sed
2759 5585 2790 5623 a
2822 5568 3047 5640 majoris
3076 5569 3426 5626 auctoritatis
3456 5582 3679 5640 persona
3700 5568 3835 5618 rect!
