4078 6182
259 205 399 262 1025

1462 207 1824 267 OPUSCULA
1860 206 1952 267 ET
1988 209 2378 270 EPISTOLZE.

3433 226 3572 285 1026

249 360 457 419 calculi
498 357 828 415 sententiam
869 368 1254 433 consequatur.
1306 362 1388 417 Ita
1427 362 1663 435 denique
1700 367 1857 421 volu-
1885 371 1935 429 A
1963 369 2289 424 sententiam
2332 385 2401 424 ex
2438 370 2546 426 alia
2573 371 2753 442 culpa,
2796 371 2852 425 id
2890 380 2973 427 est
3011 373 3409 446 inobedientia,
3452 397 3572 436 me-

249 467 400 517 mus,
428 455 483 504 et
505 448 581 502 ita
616 446 967 504 decernimus
1002 448 1181 515 istius,
1212 451 1324 504 imo
1355 466 1486 506 vero
1533 461 1859 510 cunctorum

248 539 606 596 sacerdotum
654 553 844 593 causas
876 539 1213 607 examinare,
1247 541 1507 612 culpasve
1532 544 1747 614 punire,
1799 551 1861 602 ut

248 639 509 701 paternos
560 626 829 681 terminos
875 643 984 681 non
1043 630 1512 700 transgrediamur
1556 650 1737 688 sacros
1774 649 1858 689 ca-

248 733 425 773 nones
463 732 575 771 non
617 715 1025 784 conculcemus,
1066 733 1169 773 nec
1204 718 1504 776 decretalia
1545 723 1689 778 sedis
1718 740 1860 794 apo-

248 806 460 862 stolica
519 802 862 871 constituta,
932 805 1136 877 quibus
1173 806 1421 863 Ecclesia
1456 816 1571 864 tota
1631 812 1860 868 fulcitur

247 905 414 966 atque
472 892 745 959 munitur,
789 895 1176 965 quoquomodo
1215 895 1506 952 violemus.
1549 897 1634 952 Ad
1680 906 1856 954 extre-

248 1000 405 1038 mum
433 983 509 1037 ita
533 982 795 1036 volumus
814 988 869 1037 et
890 983 964 1038 ita
994 982 1343 1040 decernimus
1380 987 1699 1057 pontiﬁcem
1728 1006 1856 1061 qua-

251 1073 543 1144 liscunque
572 1071 645 1127 sit
671 1070 941 1142 judicari,
985 1079 1047 1125 ut
1086 1072 1330 1128 ecclesias
1370 1075 1460 1131 cui
1495 1087 1690 1147 praeest
1731 1077 1856 1148 jura

250 1171 404 1225 nulla
444 1168 754 1223 temeritate
778 1211 791 1234 ,
850 1168 1004 1222 nulla
1041 1170 1472 1242 praesumptione
1510 1173 1854 1244 frangantur.

249 1261 476 1316 Nullum
499 1259 701 1331 quippe
731 1257 930 1329 poterit
960 1258 1223 1314 Ecclesia:
1242 1259 1334 1330 jus
1362 1262 1591 1331 dignum
1623 1266 1850 1334 servari,

249 1350 294 1404 si
336 1348 535 1421 praesul
572 1347 691 1419 ejus
725 1363 756 1401 a
790 1346 1149 1418 quibuslibet,
1192 1350 1280 1404 vel
1322 1351 1716 1422 quandolibet,
1758 1363 1854 1411 aut

248 1439 666 1513 quomodolibet
686 1437 1040 1509 impediatur,
1073 1447 1124 1494 et
1162 1457 1259 1512 pro
1286 1440 1455 1496 libitu
1475 1441 1854 1516 cujuscunque

248 1538 407 1584 tanta
436 1529 698 1584 facilitate
728 1528 982 1599 pellatur.
1016 1526 1175 1594 Quod
1205 1545 1330 1583 cum
1364 1530 1439 1585 ita
1468 1532 1560 1597 sit,
1590 1548 1701 1587 non
1734 1549 1854 1603 pos-

246 1636 448 1673 sumus
487 1617 704 1673 interim
735 1616 959 1671 fratrem
1000 1625 1250 1672 nostrum
1291 1618 1599 1688 Ignatium,
1648 1622 1850 1692 qualis-

1970 467 2209 521 reantur.
2240 460 2413 530 Igitur
2436 462 2688 531 praelatos
2707 462 2968 518 damnare
2988 463 3366 524 indifferenter
3391 489 3571 542 opor-

1968 556 2045 603 tet
2076 549 2407 606 horrescere.
2440 551 2766 624 Quicunque
2797 569 2928 607 vero
2958 554 3190 625 minoris
3216 560 3571 618 auctoritatis

1969 645 2117 705 sunt,
2159 637 2410 693 damnari
2440 640 2677 695 sollicite
2708 649 2956 709 caveant,
3000 659 3103 698 nec
3137 644 3408 716 majorum
3440 666 3564 704 suo-

1968 741 2089 780 rum
2149 727 2480 782 sententiam
2535 729 3026 797 transgrediantur.
3072 732 3378 806 Alioquin,
3440 738 3572 794 licet

1968 814 2171 885 injuste
2198 834 2594 889 nonnunquam
2629 817 2871 873 damnati
2903 830 3050 887 sunt,
3084 838 3152 877 ex
3181 825 3298 895 ipsa
3326 835 3572 884 temera-

1968 904 2048 958 ria
2079 906 2548 975 praevaricatione,
2571 908 2751 978 culpa,
2784 924 2905 981 qua:
2926 910 3171 966 nondum
3207 914 3346 969 forte
3379 933 3567 988 perpe-

1966 1000 2107 1049 trata
2136 993 2332 1060 fuerat,
2364 1004 2415 1051 et
2446 995 2602 1063 ultio,
2645 1013 2807 1068 quam
2842 998 3004 1068 culpa
3045 1000 3278 1056 necdum
3311 1006 3570 1060 mereba—

1966 1089 2076 1148 tur,
2098 1084 2289 1153 procul
2312 1082 2483 1138 dubio
2502 1084 2925 1155 subsequentur.
2949 1086 3101 1141 Nihil
3126 1089 3328 1161 quippe
3355 1092 3568 1163 lignum

1968 1172 2199 1226 vetitum
2232 1172 2290 1226 in
2310 1188 2366 1225 se
2398 1172 2747 1226 mortiferum
2780 1172 2996 1238 habuit,
3016 1176 3108 1229 sed
3130 1177 3223 1247 qui
3247 1178 3569 1237 inobedien-

1965 1268 2047 1314 ter
2074 1276 2143 1315 ex
2173 1277 2236 1314 eo
2264 1260 2524 1328 comedit,
2560 1270 2789 1317 mortem
2822 1262 2927 1317 sibi
2964 1270 3017 1317 et
3049 1265 3279 1333 posteris
3311 1269 3567 1340 propina-

1965 1348 2080 1403 vit:
2109 1365 2221 1405 non
2255 1349 2384 1421 quia
2413 1350 2626 1420 lignum
2658 1351 2888 1419 malum,
2923 1368 3050 1407 cum
3081 1355 3227 1408 Deus
3255 1355 3404 1426 quod
3434 1357 3567 1412 fecit

1962 1444 2139 1493 totum
2160 1438 2351 1494 fecerit
2370 1438 2599 1506 bonum,
2628 1439 2723 1495 sed
2743 1441 2889 1512 quod
2918 1442 3059 1495 mala
3086 1443 3159 1498 sit
3178 1446 3563 1515 transgressio,

1961 1535 2015 1582 et
2044 1528 2252 1583 nolenti
2273 1528 2470 1600 subjici
2498 1546 2592 1601 per
2611 1546 2728 1585 eam
2753 1532 2950 1587 merito
2980 1532 3053 1587 sit
3081 1541 3201 1587 orta
3220 1533 3550 1591 damnatio.-

1962 1618 2091 1672 Item
2111 1618 2239 1688 ipse:
2263 1619 2437 1675 «Sicut
2457 1636 2527 1674 ex
2562 1620 2880 1691 apostolicis
2919 1622 3227 1678 canonibus
3250 1625 3564 1695 edocemur,

248 1723 477 1778 cunque
504 1703 595 1773 sit,
622 1722 728 1759 non
773 1704 918 1760 inter
946 1704 1326 1761 sanctissimos
1383 1714 1467 1762 est
1502 1708 1852 1768 beatissimos
1880 1736 1926 1795 B
1960 1705 2101 1759 801νὶ
2132 1706 2199 1761 ab
2229 1723 2293 1762 80
2322 1708 2417 1779 qui
2452 1723 2578 1762 eum
2613 1710 3000 1779 sequestravit,
3029 1719 3124 1766 aut
3150 1722 3296 1769 certe
3324 1730 3355 1768 ἃ
3385 1714 3563 1786 prima

248 1794 591 1865 patriarchas
617 1809 1014 1849 connumerare
1038 1813 1050 1860 ;
1082 1794 1176 1866 qui
1207 1795 1338 1851 licet
1367 1797 1511 1867 apud
1545 1814 1645 1852 vos
1671 1797 1743 1852 sit
1771 1804 1855 1852 tot

245 1882 581 1954 opprobriis,
638 1890 721 1938 tot
759 1884 1234 1954 persecutionibus
1290 1886 1565 1956 fatigatus,
1625 1902 1655 1940 a
1694 1886 1854 1940 nobis

246 1979 434 2027 tamen
456 1972 679 2027 nonnisi
701 1974 880 2044 qualis
903 1990 935 2029 a
953 1974 1335 2031 decessoribus
1360 1974 1495 2031 meis
1516 1983 1597 2031 est
1630 1975 1854 2031 habitus

245 2059 493 2116 creditur
524 2068 578 2115 et
602 2070 914 2119 veneratur.
948 2063 1111 2118 Nullo
1142 2064 1345 2136 quippe
1374 2072 1565 2119 nostro
1599 2063 1854 2119 examine

246 2147 485 2219 alicujus
513 2149 763 2204 criminis
790 2168 933 2218 reus,
976 2153 1132 2207 nullo
1170 2160 1251 2207 est
1281 2163 1469 2209 nostro
1508 2153 1731 2224 speciali
1767 2153 1856 2224 ju-

246 2238 399 2293 dicio
433 2248 678 2309 repertus
705 2241 999 2297 obnoxius.
1025 2242 1104 2297 Ac
1136 2257 1230 2319 per
1260 2241 1365 2297 hoc
1386 2241 1544 2321 nulla
1559 2247 1642 2296 est
1665 2249 1856 2297 nostra
1890 2232 1895 2237 ’

244 2329 525 2383 sententia
550 2329 1022 2399 condemnandus,
1072 2341 1167 2387 aut
1196 2349 1228 2386 a
1256 2334 1430 2387 nostri
1479 2332 1852 2404 Ecclesiaaque

244 2427 448 2473 nostra;
485 2422 876 2476 communione
905 2423 1122 2493 collegii
1154 2422 1598 2494 sequestrandus,
1631 2430 1726 2479 aut
1754 2423 1852 2478 ali-

244 2508 448 2580 quibus
490 2509 599 2564 nisi
629 2508 1049 2566 honorabilibus
1096 2512 1382 2568 vocabulis
1410 2513 1790 2584 appellandus.
1819 2536 1838 2558 ι

318 2600 451 2652 Item
474 2598 617 2669 ipse:
661 2600 910 2655 cPrzelati
942 2599 1213 2671 judicium
1243 2618 1457 2673 semper
1494 2601 1853 2658 inferioribus

246 2688 663 2745 formidandum
695 2699 808 2746 est:
852 2706 920 2746 ne
948 2689 994 2745 si
1024 2690 1074 2744 ei
1102 2707 1214 2745 non
1243 2691 1584 2759 obedierint,
1628 2691 1756 2746 licet
1785 2691 1852 2746 ab

245 2795 310 2833 eo
358 2779 612 2835 fortassis
640 2778 844 2850 injuste
886 2779 1125 2851 ligentur
1154 2780 1325 2851 ipsam
1360 2779 1713 2851 obligationis
1742 2796 1851 2835 sum

1963 1795 2089 1850 sede
2113 1794 2238 1865 jure
2265 1797 2438 1867 possit
2463 1796 2699 1852 absolvi.

2048 1909 2065 1931 ι
2095 1886 2235 1941 Ecce
2274 1885 2366 1940 hic
2423 1886 2839 1942 evidentissime
2880 1887 3215 1957 ostenditur,
3254 1898 3317 1944 ut
3356 1890 3402 1945 si
3441 1891 3565 1963 quis

1962 1979 2154 2026 contra
2175 1975 2545 2029 Romanorum
2570 1974 2896 2046 pontiﬁcum
2915 1974 3134 2031 decreta
3154 1977 3380 2048 obloqui
3411 1996 3566 2049 prae—

1962 2062 2278 2133 sumpserit,
2304 2060 2429 2132 jure
2459 2062 2784 2118 temeritatis
2812 2071 3096 2134 arguatur.
3129 2089 3148 2112 ι

2033 2243 2159 2297 Haec
2197 2242 2476 2297 succincte
2513 2244 2736 2313 quidem
2778 2244 3024 2315 excerpsi
3050 2285 3064 2310 ,
3124 2259 3189 2298 ac
3228 2242 3428 2314 passim
3466 2259 3566 2314 pro

1962 2332 2226 2403 qualitate
2256 2332 2463 2404 negotii
2492 2333 2858 2401 contexendo,
2903 2332 3320 2405 promiscueque
3359 2350 3562 2389 conse-

1962 2421 2154 2489 rendo,
2188 2420 2382 2475 ordine
2411 2438 2537 2476 cum
2569 2429 2923 2492 praepostero,
2951 2430 3069 2476 tum
3100 2422 3427 2493 composito,
3458 2422 3553 2476 sed

1962 2520 2015 2567 et
2036 2510 2239 2566 sensim
2266 2526 2520 2565 conuexo
2551 2510 2744 2577 ascivi,
2775 2526 2895 2581 quae
2924 2509 3160 2581 plenius,
3198 2509 3410 2565 directo
3442 2518 3565 2564 tra-

1964 2602 2095 2657 mite
2140 2609 2376 2671 servato,
2418 2618 2487 2656 ex
2526 2603 2897 2657 Romanorum
2938 2602 3265 2673 pontiﬁcum
3305 2600 3562 2669 decretis,

1962 2691 2020 2745 in
2057 2691 2168 2746 alio
2206 2691 2494 2759 codicello,
2536 2690 2870 2747 examussim
2901 2690 2969 2746 de
2999 2692 3191 2747 multis
3226 2690 3446 2747 modica
3476 2689 3567 2745 de-

1966 2778 2236 2846 ﬂorando,
2265 2779 2483 2850 collegi.

1833 3114 1984 3176 VI.

1192 3263 1587 3323 HlMCMABI
1632 3260 2172 3322 LAUDUNENSIS
2219 3259 2625 3319 SCHEDULA

1436 3404 1720 3477 Episcopis
1757 3411 1806 3458 et
1841 3420 1925 3459 eos
1960 3404 2070 3474 regi
2101 3408 2370 3473 porrecta.

238 3689 403 3743 Hanc
423 3685 725 3739 schedium
740 3688 985 3757 porrexit
1005 3688 1329 3745 Hincmarus
1349 3687 1717 3744 Laudunensis
1743 3689 1849 3759 epi-
1880 3689 1922 3749 C
1953 3685 2230 3752 exoniam,
2254 3683 2465 3740 scilicet
2494 3698 2783 3754 personam
2814 3697 2935 3753 quae
2975 3681 3218 3736 ﬁrmaret
3250 3680 3397 3753 quod
3428 3680 3561 3736 illic

314 3790 511 3844 scopas
548 3773 690 3843 apud
726 3774 902 3832 Pistas
942 3794 1005 3833 III
1045 3778 1177 3833 Kal.
1224 3778 1536 3849 Septembr.,
1575 3777 1760 3831 indict.
1808 3793 1847 3842 ι,

317 3863 576 3935 episcopis
631 3864 691 3919 de
732 3867 1013 3936 provincia
1069 3869 1408 3936 Rhemorum,
1475 3869 1762 3923 Hincmaro
1801 3878 1846 3934 ³,

324 3954 577 4018 Οάοιιίδ;
613 3955 675 4008 de
728 3955 1003 4024 provincia
1052 3956 1472 4026 Rothomagensi,
1525 3959 1787 4014 Wenilom'
1807 3968 1849 4026 °,

318 4042 700 4096 Archamberto
720 4043 1070 4113 d,Sigenando
1098 4052 1119 4078 °
1144 4061 1164 4109 ;
1188 4045 1249 4098 de
1271 4045 1550 4114 provincia
1574 4047 1848 4115 Se‘nnensi,

322 4132 564 4199 zEneoe‘,
598 4132 899 4198 Fulcrico',
934 4131 1141 4186 Abbom'
1157 4131 1200 4200 h;
1245 4133 1306 4187 de
1336 4134 1614 4203 provincia
1647 4135 1850 4190 Burde-

320 4220 543 4289 galensi,
576 4220 885 4291 Engenoldo
915 4220 949 4288 ί,
981 4219 1135 4275 Helia
1161 4220 1197 4277 ί.

318 4308 443 4363 Non
473 4309 640 4364 latere
665 4326 764 4365 vos
793 4308 928 4378 scio,
954 4309 1166 4365 domini
1196 4318 1398 4382 patres,
1425 4320 1479 4368 et
1524 4313 1741 4381 fratres,
1788 4331 1851 4370 ac

245 4399 365 4452 Deo
404 4396 555 4467 digni
593 4397 856 4469 episcopi,
890 4413 975 4451 res
1013 4398 1275 4469 episcopii
1305 4400 1687 4457 Laudunensis
1735 4402 1852 4458 Ec-

246 4485 432 4541 clesiae
464 4484 601 4539 mihi
641 4484 967 4553 commissae,
1008 4485 1122 4541 imo
1163 4486 1438 4559 quidquid
1480 4488 1748 4544 habebam
1792 4490 1849 4545 in

246 4575 360 4629 isto
388 4590 576 4646 regno,
611 4574 857 4646 exceptis
877 4575 1167 4648 principali
1200 4576 1446 4643 ecclesia,
1486 4584 1540 4632 et
1586 4578 1851 4649 episcopii

247 4661 441 4729 domo,
482 4670 536 4716 et
567 4663 807 4718 claustro
847 4664 1086 4734 primum
1130 4680 1248 4719 esse
1272 4664 1627 4720 imbannata:
1675 4665 1752 4719 ita
1791 4675 1852 4722 ut

248 4750 396 4806 nihil
430 4751 568 4809 mihi
595 4769 625 4807 a
651 4769 979 4826 quocunque
1007 4754 1074 4809 de
1094 4754 1371 4826 praedictis
1400 4755 1562 4811 rebus
1593 4764 1646 4811 et
1666 4756 1852 4811 facul—

250 4840 461 4896 tatibus
490 4841 788 4915 quidquam
826 4843 1083 4921 praesidiiv
1101 4844 1461 4913 ministretur,
1485 4851 1580 4900 aut
1604 4844 1851 4916 obsequii

247 4929 579 4999 praebeatur.
623 4930 894 4997 Quoniam
926 4932 1069 4988 sicut
1098 4932 1237 4987 mihi
1276 4932 1377 4988 sub
1432 4933 1588 4989 brevi
1637 4932 1851 4988 dierum

245 5024 521 5088 tempore,
552 5025 605 5073 et
636 5020 790 5074 nullo
820 5020 1080 5091 episcopo
1123 5036 1255 5075 mea:
1284 5020 1585 5091 provincias
1628 5024 1852 5079 conscio
1880 5049 1928 5106 D

247 5104 433 5159 fuerat
470 5104 823 5177 imperatum,
854 5110 1114 5167 saeculare
1144 5106 1421 5180 judicium
1462 5125 1574 5165 non
1625 5110 1758 5179 adii,
1800 5120 1854 5168 et

320 5262 343 5287 ε
374 5244 694 5303 Bhemensi.

323 5322 348 5357 δ
376 5315 724 5375 Belvacensi.

326 5396 348 5462 ξ
374 5388 830 5462 Bothomagensi.

325 5458 353 5491 ἀ
378 5457 686 5528 Βει1οωηεὶῖ

325 5539 347 5563 '
380 5529 879 5590 Constantiacensi.

1961 3773 2149 3828 venire
2179 3773 2484 3845 nequirem,
2516 3787 2628 3826 non
2656 3770 2936 3826 transmisi
2966 3789 2976 3826 :
3012 3780 3066 3827 et
3095 3770 3243 3843 quod
3273 3769 3340 3826 de
3384 3769 3563 3841 capite

1961 3880 2101 3931 meo,
2127 3861 2181 3918 id
2203 3871 2303 3930 est,
2329 3860 2396 3917 de
2426 3861 2573 3916 facto
2604 3875 2723 3915 meo
2749 3858 3077 3915 advocatum
3114 3859 3173 3915 in
3210 3858 3424 3930 judicio
3452 3875 3564 3914 θεε-

1959 3953 2132 4010 culari
2163 3968 2274 4007 non
2300 3951 2446 4007 dedi.
2482 3949 2875 4005 Verumtamen
2908 3950 3137 4007 missum
3170 3966 3303 4006 meaa
3336 3965 3566 4005 excusa-

1958 4041 2129 4096 tionis
2167 4040 2233 4094 ad
2271 4039 2557 4095 dominum
2595 4047 2846 4094 nostrum
2886 4055 3067 4112 regem
3106 4038 3306 4095 direxi.
3350 4038 3424 4093 Et
3462 4053 3562 4093 vos

1959 4132 2114 4189 scitis
2142 4131 2309 4186 sacris
2348 4128 2558 4199 legibus
2599 4145 2715 4184 esse
2746 4131 3026 4186 decretum
3057 4148 3157 4202 pro
3187 4132 3564 4204 qualicunque

1959 4216 2116 4274 civili
2143 4216 2230 4270 vel
2260 4212 2536 4269 criminali
2558 4229 2740 4280 causa,
2774 4231 3156 4285 quemcunque
3181 4215 3426 4284 judicem
3454 4233 3568 4272 non

1960 4310 2125 4365 licere
2193 4306 2433 4361 invitum
2479 4304 2794 4376 episcopum
2853 4303 2922 4358 ad
2959 4303 3235 4375 judicium
3276 4305 3566 4375 publicum

1961 4410 2290 4469 provocare,
2356 4394 2689 4465 perducere,
2758 4391 2844 4447 vel
2887 4389 3148 4446 exhibere
3209 4391 3369 4454 (Cod.
3410 4392 3564 4461 Afr.,

1959 4502 2083 4541 can.
2122 4484 2233 4553 15).
2280 4483 2351 4537 Ει
2381 4482 2632 4553 quisquis
2670 4480 3053 4552 episcoporum
3094 4481 3180 4534 vel
3225 4480 3565 4552 reliquorum

1961 4570 2457 4629 ecclesiasticarum
2478 4569 2830 4637 clericorum,
2854 4586 2952 4641 pro
2972 4569 3248 4623 criminali
3282 4570 3371 4624 vel
3402 4571 3559 4628 civili

1961 4680 2142 4730 causa,
2177 4662 2374 4717 relicto
2396 4662 2768 4717 ecclesiastico
2792 4660 3027 4733 judicio,
3057 4660 3126 4717 ad
3155 4661 3375 4733 publica
3402 4661 3567 4733 judi-

1961 4755 2047 4810 cia
2096 4750 2421 4824 perrexerit,
2481 4759 2533 4806 et
2566 4752 2648 4807 eis
2696 4752 2763 4807 de
2803 4751 3078 4807 criminali
3140 4752 3302 4825 culpa
3341 4753 3563 4825 purgari

1962 4842 2222 4910 voluerit,
2264 4842 2479 4897 etiamsi
2512 4858 2609 4913 pro
2657 4843 2776 4914 ipso
2805 4842 2973 4898 fuerit
3019 4843 3230 4915 prolata
3267 4843 3562 4911 sententia,

1964 4930 2146 4987 locum
2185 4948 2345 4986 suum
2381 4929 2639 4985 amittat:
2700 4928 2760 4983 in
2797 4928 2951 4984 civili
3010 4946 3141 4985 vero
3181 4930 3374 5000 perdat
3414 4928 3563 5000 quod

1963 5021 2169 5087 evicit,
2201 5021 2245 5075 si
2278 5022 2459 5076 locum
2502 5036 2664 5076 suum
2702 5020 2950 5075 obtinere
2990 5019 3265 5074 maluerit.
3307 5018 3411 5073 Sed
3451 5019 3495 5073 si
3535 5036 3568 5074 a

1965 5107 2166 5162 clerico
2196 5106 2282 5160 vel
2313 5106 2424 5161 alio
2454 5123 2781 5179 quocunque
2811 5105 3096 5162 altercatio
3124 5113 3318 5161 contra
3347 5104 3568 5175 episco-

2042 5250 2060 5283 τ
2098 5249 2413 5305 Parisiensi.

2042 5330 2068 5365 ε
2097 5320 2451 5376 Tricassensi.

2040 5390 2068 5428 ιι
2097 5391 2452 5447 Nevernensi.

2044 5463 2055 5498 ¹
2096 5462 2469 5517 Pictavorum.

2043 5534 2056 5577 1'
2097 5531 2523 5590 Encolismensi.
