  <div class='ocr_page' id='page_1' title='image "/cluster/home/n/w/nwhite01/storage/ocr_20150623/124/hvd.32044054759865/519.png"; bbox 0 0 4078 6182; ppageno 0'>
   <div class='ocr_carea' id='block_1_1' title="bbox 575 213 709 273">
    <p class='ocr_par' dir='ltr' id='par_1_1' title="bbox 575 213 709 273">
     <span class='ocr_line' id='line_1_1' title="bbox 575 213 709 273; baseline 0 0"><span class='ocrx_word' id='word_1_1' title='bbox 575 213 709 273; x_wconf 68' lang='grc'><strong>1017</strong></span> 
     </span>
    </p>
   </div>
   <div class='ocr_carea' id='block_1_2' title="bbox 1602 208 2828 269">
    <p class='ocr_par' dir='ltr' id='par_1_2' title="bbox 1602 208 2828 269">
     <span class='ocr_line' id='line_1_2' title="bbox 1602 208 2828 269; baseline -0.001 -3"><span class='ocrx_word' id='word_1_2' title='bbox 1602 209 1947 269; x_wconf 78' lang='lat' dir='ltr'>HINCMARI</span> <span class='ocrx_word' id='word_1_3' title='bbox 1986 208 2473 267; x_wconf 86' lang='lat' dir='ltr'>LUGDUNENSIS</span> <span class='ocrx_word' id='word_1_4' title='bbox 2510 208 2828 268; x_wconf 84' lang='lat' dir='ltr'>EPISCOPI</span> 
     </span>
    </p>
   </div>
   <div class='ocr_carea' id='block_1_3' title="bbox 3732 210 3875 269">
    <p class='ocr_par' dir='ltr' id='par_1_3' title="bbox 3732 210 3875 269">
     <span class='ocr_line' id='line_1_3' title="bbox 3732 210 3875 269; baseline 0.014 -2"><span class='ocrx_word' id='word_1_5' title='bbox 3732 210 3875 269; x_wconf 69' lang='grc'><strong>1028</strong></span> 
     </span>
    </p>
   </div>
   <div class='ocr_carea' id='block_1_4' title="bbox 565 357 3871 439">
    <p class='ocr_par' dir='ltr' id='par_1_4' title="bbox 565 357 3871 439">
     <span class='ocr_line' id='line_1_4' title="bbox 565 357 3871 439; baseline -0.002 -17"><span class='ocrx_word' id='word_1_6' title='bbox 565 380 695 439; x_wconf 88' lang='lat' dir='ltr'>pum</span> <span class='ocrx_word' id='word_1_7' title='bbox 725 373 949 439; x_wconf 82' lang='lat' dir='ltr'>propter</span> <span class='ocrx_word' id='word_1_8' title='bbox 967 364 1272 439; x_wconf 77' lang='lat' dir='ltr'>quamlibet</span> <span class='ocrx_word' id='word_1_9' title='bbox 1301 378 1521 421; x_wconf 86' lang='lat' dir='ltr'>causam</span> <span class='ocrx_word' id='word_1_10' title='bbox 1547 362 1662 431; x_wconf 86' lang='lat' dir='ltr'>ﬁat,</span> <span class='ocrx_word' id='word_1_11' title='bbox 1696 362 1840 434; x_wconf 89' lang='lat' dir='ltr'>apud</span> <span class='ocrx_word' id='word_1_12' title='bbox 1868 370 2156 434; x_wconf 90' lang='lat' dir='ltr'>metropo—</span> <span class='ocrx_word' id='word_1_13' title='bbox 2186 363 2234 424; x_wconf 83' lang='lat' dir='ltr'>A</span> <span class='ocrx_word' id='word_1_14' title='bbox 2262 361 2407 417; x_wconf 85' lang='lat' dir='ltr'>sedis</span> <span class='ocrx_word' id='word_1_15' title='bbox 2461 363 2740 429; x_wconf 80' lang='lat' dir='ltr'>Romamn,</span> <span class='ocrx_word' id='word_1_16' title='bbox 2797 366 3099 431; x_wconf 78' lang='lat' dir='ltr'>contraque</span> <span class='ocrx_word' id='word_1_17' title='bbox 3132 359 3295 430; x_wconf 85' lang='lat' dir='ltr'>leges,</span> <span class='ocrx_word' id='word_1_18' title='bbox 3349 357 3553 431; x_wconf 77' lang='lat' dir='ltr'>quibus</span> <span class='ocrx_word' id='word_1_19' title='bbox 3598 374 3710 416; x_wconf 81' lang='lat' dir='ltr'>una</span> <span class='ocrx_word' id='word_1_20' title='bbox 3739 377 3871 417; x_wconf 88' lang='lat' dir='ltr'>cum</span> 
     </span>
    </p>
   </div>
   <div class='ocr_carea' id='block_1_5' title="bbox 566 452 2162 526">
    <p class='ocr_par' dir='ltr' id='par_1_5' title="bbox 566 452 2162 526">
     <span class='ocr_line' id='line_1_5' title="bbox 566 452 2162 526; baseline -0.003 -16"><span class='ocrx_word' id='word_1_21' title='bbox 566 455 823 524; x_wconf 88' lang='lat' dir='ltr'>litanum,</span> <span class='ocrx_word' id='word_1_22' title='bbox 862 456 950 511; x_wconf 85' lang='lat' dir='ltr'>vel</span> <span class='ocrx_word' id='word_1_23' title='bbox 989 455 1279 526; x_wconf 75' lang='lat' dir='ltr'>primatem</span> <span class='ocrx_word' id='word_1_24' title='bbox 1320 452 1620 525; x_wconf 69' lang='lat' dir='ltr'>provinciae</span> <span class='ocrx_word' id='word_1_25' title='bbox 1649 452 1950 507; x_wconf 90' lang='lat' dir='ltr'>secundum</span> <span class='ocrx_word' id='word_1_26' title='bbox 1982 467 2162 507; x_wconf 88' lang='lat' dir='ltr'>sacras</span> 
     </span>
    </p>
   </div>
   <div class='ocr_carea' id='block_1_6' title="bbox 565 539 2163 619">
    <p class='ocr_par' dir='ltr' id='par_1_6' title="bbox 565 539 2163 619">
     <span class='ocr_line' id='line_1_6' title="bbox 565 539 2163 619; baseline -0.004 -19"><span class='ocrx_word' id='word_1_27' title='bbox 565 544 777 616; x_wconf 85' lang='lat' dir='ltr'>regulas</span> <span class='ocrx_word' id='word_1_28' title='bbox 803 557 1021 599; x_wconf 81' lang='lat' dir='ltr'>causam</span> <span class='ocrx_word' id='word_1_29' title='bbox 1046 542 1287 615; x_wconf 83' lang='lat' dir='ltr'>judicari</span> <span class='ocrx_word' id='word_1_30' title='bbox 1317 541 1533 597; x_wconf 85' lang='lat' dir='ltr'>debere.</span> <span class='ocrx_word' id='word_1_31' title='bbox 1566 541 1634 595; x_wconf 88' lang='lat' dir='ltr'>Et</span> <span class='ocrx_word' id='word_1_32' title='bbox 1670 540 1716 595; x_wconf 90' lang='lat' dir='ltr'>si</span> <span class='ocrx_word' id='word_1_33' title='bbox 1747 540 1879 611; x_wconf 91' lang='lat' dir='ltr'>quid</span> <span class='ocrx_word' id='word_1_34' title='bbox 1897 539 2163 619; x_wconf 87' lang='lat' dir='ltr'>judicatis</span> 
     </span>
    </p>
   </div>
   <div class='ocr_carea' id='block_1_7' title="bbox 564 629 2161 706">
    <p class='ocr_par' dir='ltr' id='par_1_7' title="bbox 564 629 2161 706">
     <span class='ocr_line' id='line_1_7' title="bbox 564 629 2161 706; baseline -0.006 -16"><span class='ocrx_word' id='word_1_35' title='bbox 564 634 850 706; x_wconf 78' lang='lat' dir='ltr'>episcopus</span> <span class='ocrx_word' id='word_1_36' title='bbox 879 633 1299 701; x_wconf 84' lang='lat' dir='ltr'>contradixerit,</span> <span class='ocrx_word' id='word_1_37' title='bbox 1346 633 1415 688; x_wconf 89' lang='lat' dir='ltr'>ad</span> <span class='ocrx_word' id='word_1_38' title='bbox 1455 631 1837 687; x_wconf 87' lang='lat' dir='ltr'>beatissimum</span> <span class='ocrx_word' id='word_1_39' title='bbox 1875 629 2019 684; x_wconf 84' lang='lat' dir='ltr'>sedis</span> <span class='ocrx_word' id='word_1_40' title='bbox 2044 630 2161 685; x_wconf 82' lang='lat' dir='ltr'>Ro-</span> 
     </span>
    </p>
   </div>
   <div class='ocr_carea' id='block_1_8' title="bbox 563 719 2161 798">
    <p class='ocr_par' dir='ltr' id='par_1_8' title="bbox 563 719 2161 798">
     <span class='ocr_line' id='line_1_8' title="bbox 563 719 2161 798; baseline -0.005 -16"><span class='ocrx_word' id='word_1_41' title='bbox 563 742 739 782; x_wconf 70' lang='lat' dir='ltr'>manae</span> <span class='ocrx_word' id='word_1_42' title='bbox 803 725 1119 798; x_wconf 85' lang='lat' dir='ltr'>pontiﬁcem</span> <span class='ocrx_word' id='word_1_43' title='bbox 1180 741 1343 782; x_wconf 89' lang='lat' dir='ltr'>causa</span> <span class='ocrx_word' id='word_1_44' title='bbox 1405 724 1718 779; x_wconf 78' lang='lat' dir='ltr'>referatur:</span> <span class='ocrx_word' id='word_1_45' title='bbox 1780 729 1833 776; x_wconf 88' lang='lat' dir='ltr'>et</span> <span class='ocrx_word' id='word_1_46' title='bbox 1861 722 1956 776; x_wconf 84' lang='lat' dir='ltr'>ille</span> <span class='ocrx_word' id='word_1_47' title='bbox 2000 719 2161 791; x_wconf 78' lang='lat' dir='ltr'>juxta</span> 
     </span>
    </p>
   </div>
   <div class='ocr_carea' id='block_1_9' title="bbox 562 808 1901 889">
    <p class='ocr_par' dir='ltr' id='par_1_9' title="bbox 562 808 1901 889">
     <span class='ocr_line' id='line_1_9' title="bbox 562 808 1901 889; baseline -0.004 -15"><span class='ocrx_word' id='word_1_48' title='bbox 562 833 798 874; x_wconf 77' lang='lat' dir='ltr'>canones</span> <span class='ocrx_word' id='word_1_49' title='bbox 829 825 882 874; x_wconf 90' lang='lat' dir='ltr'>et</span> <span class='ocrx_word' id='word_1_50' title='bbox 910 819 1054 889; x_wconf 84' lang='lat' dir='ltr'>leges</span> <span class='ocrx_word' id='word_1_51' title='bbox 1084 817 1215 873; x_wconf 85' lang='lat' dir='ltr'>huic</span> <span class='ocrx_word' id='word_1_52' title='bbox 1242 832 1418 874; x_wconf 71' lang='lat' dir='ltr'>causai</span> <span class='ocrx_word' id='word_1_53' title='bbox 1449 808 1684 887; x_wconf 62' lang='lat' dir='ltr'>praebeat</span> <span class='ocrx_word' id='word_1_54' title='bbox 1715 814 1901 869; x_wconf 88' lang='lat' dir='ltr'>ﬁnem.</span> 
     </span>
    </p>
   </div>
   <div class='ocr_carea' id='block_1_10' title="bbox 635 901 2159 981">
    <p class='ocr_par' dir='ltr' id='par_1_10' title="bbox 635 901 2159 981">
     <span class='ocr_line' id='line_1_10' title="bbox 635 901 2159 981; baseline -0.005 -16"><span class='ocrx_word' id='word_1_55' title='bbox 635 908 928 981; x_wconf 76' lang='lat' dir='ltr'>Postquam</span> <span class='ocrx_word' id='word_1_56' title='bbox 987 924 1117 962; x_wconf 86' lang='lat' dir='ltr'>vero</span> <span class='ocrx_word' id='word_1_57' title='bbox 1145 922 1255 962; x_wconf 88' lang='lat' dir='ltr'>una</span> <span class='ocrx_word' id='word_1_58' title='bbox 1310 922 1435 962; x_wconf 91' lang='lat' dir='ltr'>cum</span> <span class='ocrx_word' id='word_1_59' title='bbox 1468 904 1893 976; x_wconf 75' lang='lat' dir='ltr'>metropolitano</span> <span class='ocrx_word' id='word_1_60' title='bbox 1943 917 2064 956; x_wconf 92' lang='lat' dir='ltr'>meo</span> <span class='ocrx_word' id='word_1_61' title='bbox 2090 901 2159 957; x_wconf 89' lang='lat' dir='ltr'>ad</span> 
     </span>
    </p>
   </div>
   <div class='ocr_carea' id='block_1_11' title="bbox 563 994 2151 1066">
    <p class='ocr_par' dir='ltr' id='par_1_11' title="bbox 563 994 2151 1066">
     <span class='ocr_line' id='line_1_11' title="bbox 563 994 2151 1066; baseline -0.004 -15"><span class='ocrx_word' id='word_1_62' title='bbox 563 997 714 1052; x_wconf 90' lang='lat' dir='ltr'>hunc</span> <span class='ocrx_word' id='word_1_63' title='bbox 745 999 925 1052; x_wconf 90' lang='lat' dir='ltr'>locum</span> <span class='ocrx_word' id='word_1_64' title='bbox 946 997 1095 1064; x_wconf 83' lang='lat' dir='ltr'>veni,</span> <span class='ocrx_word' id='word_1_65' title='bbox 1130 994 1226 1050; x_wconf 92' lang='lat' dir='ltr'>ubi</span> <span class='ocrx_word' id='word_1_66' title='bbox 1258 998 1369 1051; x_wconf 91' lang='lat' dir='ltr'>Deo</span> <span class='ocrx_word' id='word_1_67' title='bbox 1399 996 1661 1066; x_wconf 88' lang='lat' dir='ltr'>placitum</span> <span class='ocrx_word' id='word_1_68' title='bbox 1692 1000 2030 1049; x_wconf 85' lang='lat' dir='ltr'>conventum</span> <span class='ocrx_word' id='word_1_69' title='bbox 2062 1007 2151 1045; x_wconf 87' lang='lat' dir='ltr'>ve-</span> 
     </span>
    </p>
   </div>
   <div class='ocr_carea' id='block_1_12' title="bbox 562 1081 2159 1152">
    <p class='ocr_par' dir='ltr' id='par_1_12' title="bbox 562 1081 2159 1152">
     <span class='ocr_line' id='line_1_12' title="bbox 562 1081 2159 1152; baseline -0.004 -12"><span class='ocrx_word' id='word_1_70' title='bbox 562 1093 737 1140; x_wconf 90' lang='lat' dir='ltr'>strum</span> <span class='ocrx_word' id='word_1_71' title='bbox 766 1084 937 1149; x_wconf 88' lang='lat' dir='ltr'>adivi,</span> <span class='ocrx_word' id='word_1_72' title='bbox 964 1084 1283 1151; x_wconf 85' lang='lat' dir='ltr'>consilium,</span> <span class='ocrx_word' id='word_1_73' title='bbox 1320 1093 1373 1139; x_wconf 90' lang='lat' dir='ltr'>et</span> <span class='ocrx_word' id='word_1_74' title='bbox 1419 1099 1747 1139; x_wconf 89' lang='lat' dir='ltr'>consensum</span> <span class='ocrx_word' id='word_1_75' title='bbox 1777 1081 1923 1152; x_wconf 91' lang='lat' dir='ltr'>apud</span> <span class='ocrx_word' id='word_1_76' title='bbox 1952 1097 2070 1146; x_wconf 89' lang='lat' dir='ltr'>vos,</span> <span class='ocrx_word' id='word_1_77' title='bbox 2104 1086 2159 1134; x_wconf 88' lang='lat' dir='ltr'>et</span> 
     </span>
    </p>
   </div>
   <div class='ocr_carea' id='block_1_13' title="bbox 564 1168 2156 1245">
    <p class='ocr_par' dir='ltr' id='par_1_13' title="bbox 564 1168 2156 1245">
     <span class='ocr_line' id='line_1_13' title="bbox 564 1168 2156 1245; baseline -0.004 -16"><span class='ocrx_word' id='word_1_78' title='bbox 564 1189 659 1245; x_wconf 88' lang='lat' dir='ltr'>per</span> <span class='ocrx_word' id='word_1_79' title='bbox 684 1182 920 1229; x_wconf 79' lang='lat' dir='ltr'>vestram</span> <span class='ocrx_word' id='word_1_80' title='bbox 951 1172 1315 1228; x_wconf 82' lang='lat' dir='ltr'>reverentiam</span> <span class='ocrx_word' id='word_1_81' title='bbox 1364 1172 1509 1243; x_wconf 89' lang='lat' dir='ltr'>apud</span> <span class='ocrx_word' id='word_1_82' title='bbox 1550 1171 1761 1226; x_wconf 90' lang='lat' dir='ltr'>domini</span> <span class='ocrx_word' id='word_1_83' title='bbox 1811 1169 1983 1224; x_wconf 86' lang='lat' dir='ltr'>nostri</span> <span class='ocrx_word' id='word_1_84' title='bbox 2015 1168 2156 1239; x_wconf 84' lang='lat' dir='ltr'>regis</span> 
     </span>
    </p>
   </div>
   <div class='ocr_carea' id='block_1_14' title="bbox 561 1261 2157 1336">
    <p class='ocr_par' dir='ltr' id='par_1_14' title="bbox 561 1261 2157 1336">
     <span class='ocr_line' id='line_1_14' title="bbox 561 1261 2157 1336; baseline -0.004 -17"><span class='ocrx_word' id='word_1_85' title='bbox 561 1263 908 1319; x_wconf 89' lang='lat' dir='ltr'>clementiam</span> <span class='ocrx_word' id='word_1_86' title='bbox 930 1263 1281 1336; x_wconf 79' lang='lat' dir='ltr'>quaesiturus,</span> <span class='ocrx_word' id='word_1_87' title='bbox 1305 1262 1434 1334; x_wconf 90' lang='lat' dir='ltr'>quid</span> <span class='ocrx_word' id='word_1_88' title='bbox 1462 1277 1545 1316; x_wconf 89' lang='lat' dir='ltr'>me</span> <span class='ocrx_word' id='word_1_89' title='bbox 1584 1269 1832 1333; x_wconf 86' lang='lat' dir='ltr'>oporteat</span> <span class='ocrx_word' id='word_1_90' title='bbox 1874 1261 2069 1322; x_wconf 87' lang='lat' dir='ltr'>facere,</span> <span class='ocrx_word' id='word_1_91' title='bbox 2102 1264 2157 1312; x_wconf 90' lang='lat' dir='ltr'>et</span> 
     </span>
    </p>
   </div>
   <div class='ocr_carea' id='block_1_15' title="bbox 560 1351 2151 1429">
    <p class='ocr_par' dir='ltr' id='par_1_15' title="bbox 560 1351 2151 1429">
     <span class='ocr_line' id='line_1_15' title="bbox 560 1351 2151 1429; baseline -0.004 -18"><span class='ocrx_word' id='word_1_92' title='bbox 560 1354 837 1429; x_wconf 87' lang='lat' dir='ltr'>quomodo</span> <span class='ocrx_word' id='word_1_93' title='bbox 865 1355 1072 1410; x_wconf 81' lang='lat' dir='ltr'>valeam</span> <span class='ocrx_word' id='word_1_94' title='bbox 1104 1354 1313 1421; x_wconf 86' lang='lat' dir='ltr'>vivere,</span> <span class='ocrx_word' id='word_1_95' title='bbox 1339 1353 1501 1408; x_wconf 83' lang='lat' dir='ltr'>rebus</span> <span class='ocrx_word' id='word_1_96' title='bbox 1522 1360 1575 1407; x_wconf 89' lang='lat' dir='ltr'>et</span> <span class='ocrx_word' id='word_1_97' title='bbox 1599 1352 1877 1424; x_wconf 86' lang='lat' dir='ltr'>obsequiis</span> <span class='ocrx_word' id='word_1_98' title='bbox 1901 1351 2151 1406; x_wconf 88' lang='lat' dir='ltr'>ecclesia-</span> 
     </span>
    </p>
   </div>
   <div class='ocr_carea' id='block_1_16' title="bbox 560 1442 2155 1518">
    <p class='ocr_par' dir='ltr' id='par_1_16' title="bbox 560 1442 2155 1518">
     <span class='ocr_line' id='line_1_16' title="bbox 560 1442 2155 1518; baseline -0.003 -17"><span class='ocrx_word' id='word_1_99' title='bbox 560 1444 713 1501; x_wconf 88' lang='lat' dir='ltr'>sticis</span> <span class='ocrx_word' id='word_1_100' title='bbox 735 1444 1046 1501; x_wconf 90' lang='lat' dir='ltr'>inconsulto</span> <span class='ocrx_word' id='word_1_101' title='bbox 1066 1446 1359 1517; x_wconf 62' lang='lat' dir='ltr'>episcoyali</span> <span class='ocrx_word' id='word_1_102' title='bbox 1376 1445 1587 1518; x_wconf 89' lang='lat' dir='ltr'>judicio</span> <span class='ocrx_word' id='word_1_103' title='bbox 1618 1444 1913 1517; x_wconf 86' lang='lat' dir='ltr'>spoliatus:</span> <span class='ocrx_word' id='word_1_104' title='bbox 1949 1460 2059 1498; x_wconf 90' lang='lat' dir='ltr'>non</span> <span class='ocrx_word' id='word_1_105' title='bbox 2087 1442 2155 1496; x_wconf 88' lang='lat' dir='ltr'>ab</span> 
     </span>
    </p>
   </div>
   <div class='ocr_carea' id='block_1_17' title="bbox 558 1529 2154 1606">
    <p class='ocr_par' dir='ltr' id='par_1_17' title="bbox 558 1529 2154 1606">
     <span class='ocr_line' id='line_1_17' title="bbox 558 1529 2154 1606; baseline -0.002 -19"><span class='ocrx_word' id='word_1_106' title='bbox 558 1531 763 1605; x_wconf 81' lang='lat' dir='ltr'>ignotis</span> <span class='ocrx_word' id='word_1_107' title='bbox 790 1534 879 1588; x_wconf 89' lang='lat' dir='ltr'>vel</span> <span class='ocrx_word' id='word_1_108' title='bbox 911 1533 1135 1590; x_wconf 88' lang='lat' dir='ltr'>incertis</span> <span class='ocrx_word' id='word_1_109' title='bbox 1163 1535 1408 1606; x_wconf 84' lang='lat' dir='ltr'>personis</span> <span class='ocrx_word' id='word_1_110' title='bbox 1443 1551 1511 1589; x_wconf 88' lang='lat' dir='ltr'>ex</span> <span class='ocrx_word' id='word_1_111' title='bbox 1540 1544 1691 1605; x_wconf 88' lang='lat' dir='ltr'>parte</span> <span class='ocrx_word' id='word_1_112' title='bbox 1729 1532 1941 1589; x_wconf 88' lang='lat' dir='ltr'>domini</span> <span class='ocrx_word' id='word_1_113' title='bbox 1980 1529 2154 1586; x_wconf 89' lang='lat' dir='ltr'>nostri</span> 
     </span>
    </p>
   </div>
   <div class='ocr_carea' id='block_1_18' title="bbox 558 1622 2154 1694">
    <p class='ocr_par' dir='ltr' id='par_1_18' title="bbox 558 1622 2154 1694">
     <span class='ocr_line' id='line_1_18' title="bbox 558 1622 2154 1694; baseline -0.001 -18"><span class='ocrx_word' id='word_1_114' title='bbox 558 1624 701 1694; x_wconf 85' lang='lat' dir='ltr'>regis</span> <span class='ocrx_word' id='word_1_115' title='bbox 731 1622 870 1678; x_wconf 91' lang='lat' dir='ltr'>mihi</span> <span class='ocrx_word' id='word_1_116' title='bbox 902 1631 984 1678; x_wconf 90' lang='lat' dir='ltr'>est</span> <span class='ocrx_word' id='word_1_117' title='bbox 1010 1623 1347 1692; x_wconf 89' lang='lat' dir='ltr'>nuntiatum,</span> <span class='ocrx_word' id='word_1_118' title='bbox 1381 1632 1443 1679; x_wconf 90' lang='lat' dir='ltr'>ut</span> <span class='ocrx_word' id='word_1_119' title='bbox 1474 1640 1558 1679; x_wconf 90' lang='lat' dir='ltr'>me</span> <span class='ocrx_word' id='word_1_120' title='bbox 1589 1640 1714 1694; x_wconf 83' lang='lat' dir='ltr'>erga</span> <span class='ocrx_word' id='word_1_121' title='bbox 1742 1638 1865 1676; x_wconf 90' lang='lat' dir='ltr'>eum</span> <span class='ocrx_word' id='word_1_122' title='bbox 1898 1636 2154 1691; x_wconf 88' lang='lat' dir='ltr'>recogno-</span> 
     </span>
    </p>
   </div>
   <div class='ocr_carea' id='block_1_19' title="bbox 558 1711 2227 1809">
    <p class='ocr_par' dir='ltr' id='par_1_19' title="bbox 558 1711 2227 1809">
     <span class='ocr_line' id='line_1_19' title="bbox 558 1711 2227 1809; baseline -0.002 -42"><span class='ocrx_word' id='word_1_123' title='bbox 558 1727 726 1780; x_wconf 89' lang='lat' dir='ltr'>scam,</span> <span class='ocrx_word' id='word_1_124' title='bbox 758 1718 812 1766; x_wconf 92' lang='lat' dir='ltr'>et</span> <span class='ocrx_word' id='word_1_125' title='bbox 841 1712 889 1767; x_wconf 86' lang='lat' dir='ltr'>ei</span> <span class='ocrx_word' id='word_1_126' title='bbox 948 1712 1237 1767; x_wconf 87' lang='lat' dir='ltr'>humiliter</span> <span class='ocrx_word' id='word_1_127' title='bbox 1284 1714 1646 1768; x_wconf 84' lang='lat' dir='ltr'>satisfaciam.</span> <span class='ocrx_word' id='word_1_128' title='bbox 1705 1712 1913 1767; x_wconf 86' lang='lat' dir='ltr'>Audivi</span> <span class='ocrx_word' id='word_1_129' title='bbox 1963 1711 2148 1778; x_wconf 91' lang='lat' dir='ltr'>etiam,</span> <span class='ocrx_word' id='word_1_130' title='bbox 2186 1752 2227 1809; x_wconf 78' lang='grc' dir='ltr'><strong>Β</strong></span> 
     </span>
    </p>
   </div>
   <div class='ocr_carea' id='block_1_20' title="bbox 557 1800 2153 1874">
    <p class='ocr_par' dir='ltr' id='par_1_20' title="bbox 557 1800 2153 1874">
     <span class='ocr_line' id='line_1_20' title="bbox 557 1800 2153 1874; baseline -0.001 -19"><span class='ocrx_word' id='word_1_131' title='bbox 557 1801 687 1872; x_wconf 86' lang='lat' dir='ltr'>quia</span> <span class='ocrx_word' id='word_1_132' title='bbox 711 1801 983 1868; x_wconf 86' lang='lat' dir='ltr'>homines,</span> <span class='ocrx_word' id='word_1_133' title='bbox 1015 1818 1247 1874; x_wconf 90' lang='lat' dir='ltr'>quorum</span> <span class='ocrx_word' id='word_1_134' title='bbox 1278 1818 1439 1857; x_wconf 89' lang='lat' dir='ltr'>causa</span> <span class='ocrx_word' id='word_1_135' title='bbox 1466 1801 1758 1856; x_wconf 87' lang='lat' dir='ltr'>adversum</span> <span class='ocrx_word' id='word_1_136' title='bbox 1790 1817 1874 1855; x_wconf 90' lang='lat' dir='ltr'>me</span> <span class='ocrx_word' id='word_1_137' title='bbox 1905 1800 2153 1855; x_wconf 86' lang='lat' dir='ltr'>domina-</span> 
     </span>
    </p>
   </div>
   <div class='ocr_carea' id='block_1_21' title="bbox 554 1889 2152 1955">
    <p class='ocr_par' dir='ltr' id='par_1_21' title="bbox 554 1889 2152 1955">
     <span class='ocr_line' id='line_1_21' title="bbox 554 1889 2152 1955; baseline 0 -13"><span class='ocrx_word' id='word_1_138' title='bbox 554 1889 727 1944; x_wconf 81' lang='lat' dir='ltr'>tionis</span> <span class='ocrx_word' id='word_1_139' title='bbox 753 1906 865 1943; x_wconf 66' lang='lat' dir='ltr'>sua:</span> <span class='ocrx_word' id='word_1_140' title='bbox 894 1889 1111 1943; x_wconf 89' lang='lat' dir='ltr'>animus</span> <span class='ocrx_word' id='word_1_141' title='bbox 1139 1897 1221 1944; x_wconf 90' lang='lat' dir='ltr'>est</span> <span class='ocrx_word' id='word_1_142' title='bbox 1249 1897 1578 1955; x_wconf 85' lang='lat' dir='ltr'>commotus,</span> <span class='ocrx_word' id='word_1_143' title='bbox 1636 1890 1745 1943; x_wconf 90' lang='lat' dir='ltr'>huc</span> <span class='ocrx_word' id='word_1_144' title='bbox 1771 1889 2044 1954; x_wconf 85' lang='lat' dir='ltr'>venerint,</span> <span class='ocrx_word' id='word_1_145' title='bbox 2092 1897 2152 1942; x_wconf 89' lang='lat' dir='ltr'>ut</span> 
     </span>
    </p>
   </div>
   <div class='ocr_carea' id='block_1_22' title="bbox 553 1975 2151 2047">
    <p class='ocr_par' dir='ltr' id='par_1_22' title="bbox 553 1975 2151 2047">
     <span class='ocr_line' id='line_1_22' title="bbox 553 1975 2151 2047; baseline 0.001 -17"><span class='ocrx_word' id='word_1_146' title='bbox 553 1975 846 2031; x_wconf 84' lang='lat' dir='ltr'>adversum</span> <span class='ocrx_word' id='word_1_147' title='bbox 878 1992 963 2031; x_wconf 93' lang='lat' dir='ltr'>me</span> <span class='ocrx_word' id='word_1_148' title='bbox 990 1976 1225 2032; x_wconf 88' lang='lat' dir='ltr'>debeant</span> <span class='ocrx_word' id='word_1_149' title='bbox 1254 1979 1429 2047; x_wconf 87' lang='lat' dir='ltr'>queri.</span> <span class='ocrx_word' id='word_1_150' title='bbox 1464 1977 1616 2031; x_wconf 90' lang='lat' dir='ltr'>Unde</span> <span class='ocrx_word' id='word_1_151' title='bbox 1647 1977 1907 2047; x_wconf 91' lang='lat' dir='ltr'>quoniam</span> <span class='ocrx_word' id='word_1_152' title='bbox 1937 1976 2151 2046; x_wconf 90' lang='lat' dir='ltr'>judicio</span> 
     </span>
    </p>
   </div>
   <div class='ocr_carea' id='block_1_23' title="bbox 554 2063 2149 2134">
    <p class='ocr_par' dir='ltr' id='par_1_23' title="bbox 554 2063 2149 2134">
     <span class='ocr_line' id='line_1_23' title="bbox 554 2063 2149 2134; baseline 0.002 -18"><span class='ocrx_word' id='word_1_153' title='bbox 554 2064 790 2133; x_wconf 82' lang='lat' dir='ltr'>regulari</span> <span class='ocrx_word' id='word_1_154' title='bbox 822 2063 1089 2133; x_wconf 90' lang='lat' dir='ltr'>meipsum</span> <span class='ocrx_word' id='word_1_155' title='bbox 1106 2064 1444 2134; x_wconf 88' lang='lat' dir='ltr'>constringo,</span> <span class='ocrx_word' id='word_1_156' title='bbox 1470 2072 1523 2118; x_wconf 90' lang='lat' dir='ltr'>et</span> <span class='ocrx_word' id='word_1_157' title='bbox 1544 2065 1794 2118; x_wconf 81' lang='lat' dir='ltr'>sententia</span> <span class='ocrx_word' id='word_1_158' title='bbox 1824 2064 1935 2117; x_wconf 80' lang='lat' dir='ltr'>sine</span> <span class='ocrx_word' id='word_1_159' title='bbox 1955 2066 2149 2134; x_wconf 73' lang='lat' dir='ltr'>scripto</span> 
     </span>
    </p>
   </div>
   <div class='ocr_carea' id='block_1_24' title="bbox 553 2148 2147 2225">
    <p class='ocr_par' dir='ltr' id='par_1_24' title="bbox 553 2148 2147 2225">
     <span class='ocr_line' id='line_1_24' title="bbox 553 2148 2147 2225; baseline 0.003 -20"><span class='ocrx_word' id='word_1_160' title='bbox 553 2150 710 2218; x_wconf 76' lang='lat' dir='ltr'>dicta,</span> <span class='ocrx_word' id='word_1_161' title='bbox 735 2148 897 2221; x_wconf 84' lang='lat' dir='ltr'>juxta</span> <span class='ocrx_word' id='word_1_162' title='bbox 924 2150 1276 2206; x_wconf 89' lang='lat' dir='ltr'>deﬁnitiones</span> <span class='ocrx_word' id='word_1_163' title='bbox 1298 2152 1647 2208; x_wconf 82' lang='lat' dir='ltr'>inviolabiles</span> <span class='ocrx_word' id='word_1_164' title='bbox 1689 2170 1777 2207; x_wconf 75' lang='lat' dir='ltr'>nec</span> <span class='ocrx_word' id='word_1_165' title='bbox 1808 2170 1993 2207; x_wconf 80' lang='lat' dir='ltr'>nomen</span> <span class='ocrx_word' id='word_1_166' title='bbox 2027 2153 2147 2225; x_wconf 90' lang='lat' dir='ltr'>[al.,</span> 
     </span>
    </p>
   </div>
   <div class='ocr_carea' id='block_1_25' title="bbox 551 2238 2146 2313">
    <p class='ocr_par' dir='ltr' id='par_1_25' title="bbox 551 2238 2146 2313">
     <span class='ocr_line' id='line_1_25' title="bbox 551 2238 2146 2313; baseline 0.003 -20"><span class='ocrx_word' id='word_1_167' title='bbox 551 2253 616 2293; x_wconf 75' lang='lat' dir='ltr'>ne</span> <span class='ocrx_word' id='word_1_168' title='bbox 641 2254 829 2293; x_wconf 80' lang='lat' dir='ltr'>nomen</span> <span class='ocrx_word' id='word_1_169' title='bbox 864 2238 1096 2313; x_wconf 78' lang='lat' dir='ltr'>quidem]</span> <span class='ocrx_word' id='word_1_170' title='bbox 1143 2241 1405 2294; x_wconf 77' lang='lat' dir='ltr'>sententice</span> <span class='ocrx_word' id='word_1_171' title='bbox 1432 2241 1617 2295; x_wconf 83' lang='lat' dir='ltr'>habere</span> <span class='ocrx_word' id='word_1_172' title='bbox 1649 2249 1875 2297; x_wconf 82' lang='lat' dir='ltr'>meretur</span> <span class='ocrx_word' id='word_1_173' title='bbox 1921 2242 2146 2313; x_wconf 78' lang='lat' dir='ltr'>(GREG.,</span> 
     </span>
    </p>
   </div>
   <div class='ocr_carea' id='block_1_26' title="bbox 555 2328 2149 2403">
    <p class='ocr_par' dir='ltr' id='par_1_26' title="bbox 555 2328 2149 2403">
     <span class='ocr_line' id='line_1_26' title="bbox 555 2328 2149 2403; baseline 0.004 -21"><span class='ocrx_word' id='word_1_174' title='bbox 555 2329 592 2382; x_wconf 81' lang='grc' dir='ltr'><strong><em>ι.</em></strong></span> <span class='ocrx_word' id='word_1_175' title='bbox 626 2344 686 2396; x_wconf 83' lang='grc' dir='ltr'>ιι,</span> <span class='ocrx_word' id='word_1_176' title='bbox 718 2344 796 2399; x_wconf 77' lang='lat' dir='ltr'>ep.</span> <span class='ocrx_word' id='word_1_177' title='bbox 834 2328 923 2397; x_wconf 77' lang='grc'>54,</span> <span class='ocrx_word' id='word_1_178' title='bbox 959 2329 1139 2385; x_wconf 78' lang='lat' dir='ltr'>indict.</span> <span class='ocrx_word' id='word_1_179' title='bbox 1172 2330 1254 2400; x_wconf 88' lang='lat'>6),</span> <span class='ocrx_word' id='word_1_180' title='bbox 1290 2329 1492 2385; x_wconf 89' lang='lat' dir='ltr'>humili</span> <span class='ocrx_word' id='word_1_181' title='bbox 1522 2331 1923 2403; x_wconf 89' lang='lat' dir='ltr'>supplicatione</span> <span class='ocrx_word' id='word_1_182' title='bbox 1944 2332 2149 2402; x_wconf 86' lang='lat' dir='ltr'>scripto</span> 
     </span>
    </p>
   </div>
   <div class='ocr_carea' id='block_1_27' title="bbox 554 2417 2151 2493">
    <p class='ocr_par' dir='ltr' id='par_1_27' title="bbox 554 2417 2151 2493">
     <span class='ocr_line' id='line_1_27' title="bbox 554 2417 2151 2493; baseline 0.004 -22"><span class='ocrx_word' id='word_1_183' title='bbox 554 2417 857 2489; x_wconf 89' lang='lat' dir='ltr'>respondeo</span> <span class='ocrx_word' id='word_1_184' title='bbox 897 2435 908 2474; x_wconf 92' lang='lat'><strong>:</strong></span> <span class='ocrx_word' id='word_1_185' title='bbox 968 2418 1084 2474; x_wconf 88' lang='lat' dir='ltr'>Sim</span> <span class='ocrx_word' id='word_1_186' title='bbox 1133 2419 1397 2476; x_wconf 87' lang='lat' dir='ltr'>canonice</span> <span class='ocrx_word' id='word_1_187' title='bbox 1473 2421 1786 2489; x_wconf 89' lang='lat' dir='ltr'>revestitus,</span> <span class='ocrx_word' id='word_1_188' title='bbox 1835 2422 1902 2477; x_wconf 91' lang='lat' dir='ltr'>de</span> <span class='ocrx_word' id='word_1_189' title='bbox 1950 2422 2151 2493; x_wconf 87' lang='lat' dir='ltr'>quibus</span> 
     </span>
    </p>
   </div>
   <div class='ocr_carea' id='block_1_28' title="bbox 552 2511 2148 2585">
    <p class='ocr_par' dir='ltr' id='par_1_28' title="bbox 552 2511 2148 2585">
     <span class='ocr_line' id='line_1_28' title="bbox 552 2511 2148 2585; baseline 0.004 -22"><span class='ocrx_word' id='word_1_190' title='bbox 552 2514 743 2565; x_wconf 87' lang='lat' dir='ltr'>contra</span> <span class='ocrx_word' id='word_1_191' title='bbox 771 2524 954 2565; x_wconf 83' lang='lat' dir='ltr'>sacros</span> <span class='ocrx_word' id='word_1_192' title='bbox 977 2526 1233 2581; x_wconf 89' lang='lat' dir='ltr'>canones,</span> <span class='ocrx_word' id='word_1_193' title='bbox 1267 2518 1320 2567; x_wconf 89' lang='lat' dir='ltr'>et</span> <span class='ocrx_word' id='word_1_194' title='bbox 1343 2511 1562 2570; x_wconf 86' lang='lat' dir='ltr'>decreta</span> <span class='ocrx_word' id='word_1_195' title='bbox 1596 2514 1919 2585; x_wconf 89' lang='lat' dir='ltr'>pontiﬁcum</span> <span class='ocrx_word' id='word_1_196' title='bbox 1946 2521 2148 2570; x_wconf 67' lang='lat' dir='ltr'>sanctas</span> 
     </span>
    </p>
   </div>
   <div class='ocr_carea' id='block_1_29' title="bbox 2270 447 3874 524">
    <p class='ocr_par' dir='ltr' id='par_1_29' title="bbox 2270 447 3874 524">
     <span class='ocr_line' id='line_1_29' title="bbox 2270 447 3874 524; baseline -0.004 -15"><span class='ocrx_word' id='word_1_197' title='bbox 2270 454 2437 510; x_wconf 86' lang='lat' dir='ltr'>sacris</span> <span class='ocrx_word' id='word_1_198' title='bbox 2465 454 2667 524; x_wconf 86' lang='lat' dir='ltr'>regulis</span> <span class='ocrx_word' id='word_1_199' title='bbox 2696 459 2885 507; x_wconf 88' lang='lat' dir='ltr'>sancta</span> <span class='ocrx_word' id='word_1_200' title='bbox 2926 449 3239 505; x_wconf 90' lang='lat' dir='ltr'>moderatur</span> <span class='ocrx_word' id='word_1_201' title='bbox 3268 447 3537 515; x_wconf 83' lang='lat' dir='ltr'>Ecclesia,</span> <span class='ocrx_word' id='word_1_202' title='bbox 3571 464 3700 504; x_wconf 86' lang='lat' dir='ltr'>sum</span> <span class='ocrx_word' id='word_1_203' title='bbox 3737 465 3874 520; x_wconf 88' lang='lat' dir='ltr'>spo-</span> 
     </span>
    </p>
   </div>
   <div class='ocr_carea' id='block_1_30' title="bbox 2272 537 3873 613">
    <p class='ocr_par' dir='ltr' id='par_1_30' title="bbox 2272 537 3873 613">
     <span class='ocr_line' id='line_1_30' title="bbox 2272 537 3873 613; baseline -0.002 -16"><span class='ocrx_word' id='word_1_204' title='bbox 2272 543 2455 598; x_wconf 88' lang='lat' dir='ltr'>liatus.</span> <span class='ocrx_word' id='word_1_205' title='bbox 2488 543 2551 596; x_wconf 90' lang='lat' dir='ltr'>In</span> <span class='ocrx_word' id='word_1_206' title='bbox 2584 540 2785 613; x_wconf 85' lang='lat' dir='ltr'>quibus</span> <span class='ocrx_word' id='word_1_207' title='bbox 2814 539 2953 594; x_wconf 90' lang='lat' dir='ltr'>mihi</span> <span class='ocrx_word' id='word_1_208' title='bbox 2983 537 3283 594; x_wconf 86' lang='lat' dir='ltr'>ostenderit</span> <span class='ocrx_word' id='word_1_209' title='bbox 3317 538 3479 592; x_wconf 89' lang='lat' dir='ltr'>illum</span> <span class='ocrx_word' id='word_1_210' title='bbox 3510 552 3597 591; x_wconf 89' lang='lat' dir='ltr'>me</span> <span class='ocrx_word' id='word_1_211' title='bbox 3640 537 3873 594; x_wconf 84' lang='lat' dir='ltr'>irratio-</span> 
     </span>
    </p>
   </div>
   <div class='ocr_carea' id='block_1_31' title="bbox 2272 627 3870 705">
    <p class='ocr_par' dir='ltr' id='par_1_31' title="bbox 2272 627 3870 705">
     <span class='ocr_line' id='line_1_31' title="bbox 2272 627 3870 705; baseline -0.001 -20"><span class='ocrx_word' id='word_1_212' title='bbox 2272 632 2529 705; x_wconf 85' lang='lat' dir='ltr'>nabiliter</span> <span class='ocrx_word' id='word_1_213' title='bbox 2557 629 2867 695; x_wconf 76' lang='lat' dir='ltr'>offendisse,</span> <span class='ocrx_word' id='word_1_214' title='bbox 2899 627 3211 683; x_wconf 84' lang='lat' dir='ltr'>voluntarie</span> <span class='ocrx_word' id='word_1_215' title='bbox 3256 642 3668 697; x_wconf 73' lang='lat' dir='ltr'>recognoscam,</span> <span class='ocrx_word' id='word_1_216' title='bbox 3713 635 3770 683; x_wconf 90' lang='lat' dir='ltr'>et</span> <span class='ocrx_word' id='word_1_217' title='bbox 3801 629 3870 696; x_wconf 89' lang='lat' dir='ltr'>ei,</span> 
     </span>
    </p>
   </div>
   <div class='ocr_carea' id='block_1_32' title="bbox 2270 716 3869 787">
    <p class='ocr_par' dir='ltr' id='par_1_32' title="bbox 2270 716 3869 787">
     <span class='ocr_line' id='line_1_32' title="bbox 2270 716 3869 787; baseline 0 -13"><span class='ocrx_word' id='word_1_218' title='bbox 2270 720 2413 776; x_wconf 88' lang='lat' dir='ltr'>sicut</span> <span class='ocrx_word' id='word_1_219' title='bbox 2455 719 2680 776; x_wconf 90' lang='lat' dir='ltr'>domino</span> <span class='ocrx_word' id='word_1_220' title='bbox 2713 727 2766 775; x_wconf 88' lang='lat' dir='ltr'>et</span> <span class='ocrx_word' id='word_1_221' title='bbox 2795 718 2998 775; x_wconf 84' lang='lat' dir='ltr'>seniori</span> <span class='ocrx_word' id='word_1_222' title='bbox 3044 733 3106 771; x_wconf 89' lang='lat' dir='ltr'>ac</span> <span class='ocrx_word' id='word_1_223' title='bbox 3132 716 3244 786; x_wconf 84' lang='lat' dir='ltr'>regi</span> <span class='ocrx_word' id='word_1_224' title='bbox 3298 732 3419 771; x_wconf 89' lang='lat' dir='ltr'>meo</span> <span class='ocrx_word' id='word_1_225' title='bbox 3460 716 3643 772; x_wconf 84' lang='lat' dir='ltr'>facere</span> <span class='ocrx_word' id='word_1_226' title='bbox 3675 716 3869 787; x_wconf 82' lang='lat' dir='ltr'>debeo,</span> 
     </span>
    </p>
   </div>
   <div class='ocr_carea' id='block_1_33' title="bbox 2270 804 3874 877">
    <p class='ocr_par' dir='ltr' id='par_1_33' title="bbox 2270 804 3874 877">
     <span class='ocr_line' id='line_1_33' title="bbox 2270 804 3874 877; baseline 0.001 -12"><span class='ocrx_word' id='word_1_227' title='bbox 2270 810 2555 866; x_wconf 89' lang='lat' dir='ltr'>humiliter</span> <span class='ocrx_word' id='word_1_228' title='bbox 2574 809 2899 865; x_wconf 86' lang='lat' dir='ltr'>satisfaciam</span> <span class='ocrx_word' id='word_1_229' title='bbox 2912 812 2931 862; x_wconf 92' lang='lat'>.&#39;</span> <span class='ocrx_word' id='word_1_230' title='bbox 2962 808 3034 862; x_wconf 88' lang='lat' dir='ltr'>Et</span> <span class='ocrx_word' id='word_1_231' title='bbox 3064 805 3260 861; x_wconf 89' lang='lat' dir='ltr'>deinde</span> <span class='ocrx_word' id='word_1_232' title='bbox 3281 805 3425 861; x_wconf 90' lang='lat' dir='ltr'>sicut</span> <span class='ocrx_word' id='word_1_233' title='bbox 3450 806 3654 876; x_wconf 72' lang='lat' dir='ltr'>regulas</span> <span class='ocrx_word' id='word_1_234' title='bbox 3673 804 3874 877; x_wconf 78' lang='lat' dir='ltr'>jubeut</span> 
     </span>
    </p>
   </div>
   <div class='ocr_carea' id='block_1_34' title="bbox 2269 893 3870 969">
    <p class='ocr_par' dir='ltr' id='par_1_34' title="bbox 2269 893 3870 969">
     <span class='ocr_line' id='line_1_34' title="bbox 2269 893 3870 969; baseline -0.002 -14"><span class='ocrx_word' id='word_1_235' title='bbox 2269 900 2404 955; x_wconf 80' lang='lat' dir='ltr'>meis</span> <span class='ocrx_word' id='word_1_236' title='bbox 2454 899 2698 969; x_wconf 83' lang='lat' dir='ltr'>legitime</span> <span class='ocrx_word' id='word_1_237' title='bbox 2727 914 2879 961; x_wconf 89' lang='lat' dir='ltr'>usus,</span> <span class='ocrx_word' id='word_1_238' title='bbox 2940 895 3101 950; x_wconf 88' lang='lat' dir='ltr'>etuti</span> <span class='ocrx_word' id='word_1_239' title='bbox 3159 893 3485 966; x_wconf 62' lang='lat' dir='ltr'>praecipiunt</span> <span class='ocrx_word' id='word_1_240' title='bbox 3514 910 3761 951; x_wconf 84' lang='lat' dir='ltr'>canones</span> <span class='ocrx_word' id='word_1_241' title='bbox 3815 897 3870 952; x_wconf 89' lang='lat' dir='ltr'>in</span> 
     </span>
    </p>
   </div>
   <div class='ocr_carea' id='block_1_35' title="bbox 2267 983 3864 1064">
    <p class='ocr_par' dir='ltr' id='par_1_35' title="bbox 2267 983 3864 1064">
     <span class='ocr_line' id='line_1_35' title="bbox 2267 983 3864 1064; baseline -0.003 -18"><span class='ocrx_word' id='word_1_242' title='bbox 2267 992 2553 1064; x_wconf 79' lang='lat' dir='ltr'>provincia</span> <span class='ocrx_word' id='word_1_243' title='bbox 2584 1007 2700 1045; x_wconf 86' lang='lat' dir='ltr'>mea</span> <span class='ocrx_word' id='word_1_244' title='bbox 2730 987 3050 1058; x_wconf 86' lang='lat' dir='ltr'>regulariter</span> <span class='ocrx_word' id='word_1_245' title='bbox 3077 985 3145 1040; x_wconf 86' lang='lat' dir='ltr'>ad</span> <span class='ocrx_word' id='word_1_246' title='bbox 3177 983 3448 1057; x_wconf 81' lang='lat' dir='ltr'>synodum</span> <span class='ocrx_word' id='word_1_247' title='bbox 3474 992 3763 1053; x_wconf 77' lang='lat' dir='ltr'>evocatus,</span> <span class='ocrx_word' id='word_1_248' title='bbox 3795 987 3864 1046; x_wconf 85' lang='lat' dir='ltr'>de</span> 
     </span>
    </p>
   </div>
   <div class='ocr_carea' id='block_1_36' title="bbox 2267 1076 3861 1154">
    <p class='ocr_par' dir='ltr' id='par_1_36' title="bbox 2267 1076 3861 1154">
     <span class='ocr_line' id='line_1_36' title="bbox 2267 1076 3861 1154; baseline -0.003 -16"><span class='ocrx_word' id='word_1_249' title='bbox 2267 1084 2685 1154; x_wconf 87' lang='lat' dir='ltr'>quibuscunque</span> <span class='ocrx_word' id='word_1_250' title='bbox 2739 1079 2945 1135; x_wconf 88' lang='lat' dir='ltr'>ibidem</span> <span class='ocrx_word' id='word_1_251' title='bbox 3003 1079 3159 1133; x_wconf 84' lang='lat' dir='ltr'>fuero</span> <span class='ocrx_word' id='word_1_252' title='bbox 3212 1076 3618 1147; x_wconf 89' lang='lat' dir='ltr'>interpellatus,</span> <span class='ocrx_word' id='word_1_253' title='bbox 3682 1094 3861 1135; x_wconf 75' lang='lat' dir='ltr'>coram</span> 
     </span>
    </p>
   </div>
   <div class='ocr_carea' id='block_1_37' title="bbox 2268 1165 3860 1241">
    <p class='ocr_par' dir='ltr' id='par_1_37' title="bbox 2268 1165 3860 1241">
     <span class='ocr_line' id='line_1_37' title="bbox 2268 1165 3860 1241; baseline 0 -15"><span class='ocrx_word' id='word_1_254' title='bbox 2268 1172 2403 1226; x_wconf 90' lang='lat' dir='ltr'>meis</span> <span class='ocrx_word' id='word_1_255' title='bbox 2430 1170 2711 1241; x_wconf 88' lang='lat' dir='ltr'>judicibus</span> <span class='ocrx_word' id='word_1_256' title='bbox 2746 1169 2968 1224; x_wconf 77' lang='lat' dir='ltr'>reddam</span> <span class='ocrx_word' id='word_1_257' title='bbox 2998 1165 3261 1223; x_wconf 88' lang='lat' dir='ltr'>canonice</span> <span class='ocrx_word' id='word_1_258' title='bbox 3291 1166 3582 1233; x_wconf 88' lang='lat' dir='ltr'>rationem,</span> <span class='ocrx_word' id='word_1_259' title='bbox 3614 1174 3671 1222; x_wconf 88' lang='lat' dir='ltr'>et</span> <span class='ocrx_word' id='word_1_260' title='bbox 3697 1183 3860 1226; x_wconf 78' lang='lat' dir='ltr'>cano-</span> 
     </span>
    </p>
   </div>
   <div class='ocr_carea' id='block_1_38' title="bbox 2268 1257 3000 1331">
    <p class='ocr_par' dir='ltr' id='par_1_38' title="bbox 2268 1257 3000 1331">
     <span class='ocr_line' id='line_1_38' title="bbox 2268 1257 3000 1331; baseline -0.003 -16"><span class='ocrx_word' id='word_1_261' title='bbox 2268 1261 2455 1317; x_wconf 88' lang='lat' dir='ltr'>nicum</span> <span class='ocrx_word' id='word_1_262' title='bbox 2485 1275 2681 1331; x_wconf 88' lang='lat' dir='ltr'>sequar</span> <span class='ocrx_word' id='word_1_263' title='bbox 2704 1257 3000 1329; x_wconf 86' lang='lat' dir='ltr'>judicium.</span> 
     </span>
    </p>
   </div>
   <div class='ocr_carea' id='block_1_39' title="bbox 2338 1342 3858 1420">
    <p class='ocr_par' dir='ltr' id='par_1_39' title="bbox 2338 1342 3858 1420">
     <span class='ocr_line' id='line_1_39' title="bbox 2338 1342 3858 1420; baseline -0.002 -16"><span class='ocrx_word' id='word_1_264' title='bbox 2338 1342 2624 1420; x_wconf 83' lang='lat' dir='ltr'>Alioquin,</span> <span class='ocrx_word' id='word_1_265' title='bbox 2670 1346 2969 1403; x_wconf 88' lang='lat' dir='ltr'>secundum</span> <span class='ocrx_word' id='word_1_266' title='bbox 3023 1360 3204 1401; x_wconf 86' lang='lat' dir='ltr'>sacros</span> <span class='ocrx_word' id='word_1_267' title='bbox 3241 1359 3499 1412; x_wconf 85' lang='lat' dir='ltr'>canones,</span> <span class='ocrx_word' id='word_1_268' title='bbox 3550 1352 3606 1399; x_wconf 89' lang='lat' dir='ltr'>et</span> <span class='ocrx_word' id='word_1_269' title='bbox 3649 1343 3858 1402; x_wconf 77' lang='lat' dir='ltr'>decreta</span> 
     </span>
    </p>
   </div>
   <div class='ocr_carea' id='block_1_40' title="bbox 2264 1433 3855 1507">
    <p class='ocr_par' dir='ltr' id='par_1_40' title="bbox 2264 1433 3855 1507">
     <span class='ocr_line' id='line_1_40' title="bbox 2264 1433 3855 1507; baseline -0.003 -12"><span class='ocrx_word' id='word_1_270' title='bbox 2264 1447 2463 1495; x_wconf 60' lang='lat' dir='ltr'>sancta</span> <span class='ocrx_word' id='word_1_271' title='bbox 2493 1438 2637 1494; x_wconf 88' lang='lat' dir='ltr'>sedis</span> <span class='ocrx_word' id='word_1_272' title='bbox 2665 1439 2921 1494; x_wconf 68' lang='lat' dir='ltr'>Romanis</span> <span class='ocrx_word' id='word_1_273' title='bbox 2964 1434 3288 1507; x_wconf 89' lang='lat' dir='ltr'>pontiﬁcum</span> <span class='ocrx_word' id='word_1_274' title='bbox 3338 1433 3401 1489; x_wconf 87' lang='grc' dir='ltr'><strong>Β.</strong></span> <span class='ocrx_word' id='word_1_275' title='bbox 3432 1434 3579 1489; x_wconf 87' lang='lat' dir='ltr'>Petri</span> <span class='ocrx_word' id='word_1_276' title='bbox 3630 1435 3855 1504; x_wconf 86' lang='lat' dir='ltr'>apostoli</span> 
     </span>
    </p>
   </div>
   <div class='ocr_carea' id='block_1_41' title="bbox 2266 1521 3860 1594">
    <p class='ocr_par' dir='ltr' id='par_1_41' title="bbox 2266 1521 3860 1594">
     <span class='ocr_line' id='line_1_41' title="bbox 2266 1521 3860 1594; baseline -0.003 -11"><span class='ocrx_word' id='word_1_277' title='bbox 2266 1529 2530 1583; x_wconf 87' lang='lat' dir='ltr'>memoria</span> <span class='ocrx_word' id='word_1_278' title='bbox 2542 1528 2862 1594; x_wconf 89' lang='lat' dir='ltr'>honoretur,</span> <span class='ocrx_word' id='word_1_279' title='bbox 2885 1535 2939 1582; x_wconf 90' lang='lat' dir='ltr'>et</span> <span class='ocrx_word' id='word_1_280' title='bbox 2959 1532 3020 1579; x_wconf 92' lang='lat' dir='ltr'>ut</span> <span class='ocrx_word' id='word_1_281' title='bbox 3041 1523 3178 1579; x_wconf 90' lang='lat' dir='ltr'>mihi</span> <span class='ocrx_word' id='word_1_282' title='bbox 3203 1523 3357 1577; x_wconf 89' lang='lat' dir='ltr'>nulla</span> <span class='ocrx_word' id='word_1_283' title='bbox 3375 1521 3445 1576; x_wconf 87' lang='lat' dir='ltr'>ab</span> <span class='ocrx_word' id='word_1_284' title='bbox 3460 1522 3579 1577; x_wconf 92' lang='lat' dir='ltr'>ullo</span> <span class='ocrx_word' id='word_1_285' title='bbox 3600 1522 3860 1578; x_wconf 77' lang='lat' dir='ltr'>violentia</span> 
     </span>
    </p>
   </div>
   <div class='ocr_carea' id='block_1_42' title="bbox 2264 1612 3854 1687">
    <p class='ocr_par' dir='ltr' id='par_1_42' title="bbox 2264 1612 3854 1687">
     <span class='ocr_line' id='line_1_42' title="bbox 2264 1612 3854 1687; baseline -0.002 -15"><span class='ocrx_word' id='word_1_286' title='bbox 2264 1618 2532 1673; x_wconf 87' lang='lat' dir='ltr'>inferatur</span> <span class='ocrx_word' id='word_1_287' title='bbox 2560 1615 2779 1687; x_wconf 90' lang='lat' dir='ltr'>propria</span> <span class='ocrx_word' id='word_1_288' title='bbox 2809 1632 2942 1671; x_wconf 87' lang='lat' dir='ltr'>voce</span> <span class='ocrx_word' id='word_1_289' title='bbox 2979 1623 3141 1686; x_wconf 83' lang='lat' dir='ltr'>atque</span> <span class='ocrx_word' id='word_1_290' title='bbox 3175 1612 3363 1669; x_wconf 91' lang='lat' dir='ltr'>libello</span> <span class='ocrx_word' id='word_1_291' title='bbox 3391 1613 3755 1684; x_wconf 87' lang='lat' dir='ltr'>apostolicam</span> <span class='ocrx_word' id='word_1_292' title='bbox 3782 1631 3854 1670; x_wconf 84' lang='lat' dir='ltr'>se-</span> 
     </span>
    </p>
   </div>
   <div class='ocr_carea' id='block_1_43' title="bbox 2262 1702 3851 1780">
    <p class='ocr_par' dir='ltr' id='par_1_43' title="bbox 2262 1702 3851 1780">
     <span class='ocr_line' id='line_1_43' title="bbox 2262 1702 3851 1780; baseline 0 -17"><span class='ocrx_word' id='word_1_293' title='bbox 2262 1709 2384 1763; x_wconf 88' lang='lat' dir='ltr'>dem</span> <span class='ocrx_word' id='word_1_294' title='bbox 2413 1709 2646 1780; x_wconf 89' lang='lat' dir='ltr'>appello.</span> <span class='ocrx_word' id='word_1_295' title='bbox 2686 1708 2755 1761; x_wconf 90' lang='lat' dir='ltr'>Et</span> <span class='ocrx_word' id='word_1_296' title='bbox 2782 1706 2883 1763; x_wconf 87' lang='lat' dir='ltr'>hac</span> <span class='ocrx_word' id='word_1_297' title='bbox 2916 1704 3309 1778; x_wconf 88' lang='lat' dir='ltr'>professionem</span> <span class='ocrx_word' id='word_1_298' title='bbox 3345 1714 3509 1776; x_wconf 87' lang='lat' dir='ltr'>atque</span> <span class='ocrx_word' id='word_1_299' title='bbox 3537 1702 3851 1776; x_wconf 85' lang='lat' dir='ltr'>appellatio-</span> 
     </span>
    </p>
   </div>
   <div class='ocr_carea' id='block_1_44' title="bbox 2262 1794 3852 1867">
    <p class='ocr_par' dir='ltr' id='par_1_44' title="bbox 2262 1794 3852 1867">
     <span class='ocr_line' id='line_1_44' title="bbox 2262 1794 3852 1867; baseline -0.001 -14"><span class='ocrx_word' id='word_1_300' title='bbox 2262 1815 2385 1855; x_wconf 91' lang='lat' dir='ltr'>nem</span> <span class='ocrx_word' id='word_1_301' title='bbox 2436 1815 2611 1854; x_wconf 90' lang='lat' dir='ltr'>meam</span> <span class='ocrx_word' id='word_1_302' title='bbox 2653 1797 2857 1853; x_wconf 90' lang='lat' dir='ltr'>domno</span> <span class='ocrx_word' id='word_1_303' title='bbox 2914 1803 3100 1853; x_wconf 86' lang='lat' dir='ltr'>nostro</span> <span class='ocrx_word' id='word_1_304' title='bbox 3148 1796 3263 1867; x_wconf 82' lang='lat' dir='ltr'>regi</span> <span class='ocrx_word' id='word_1_305' title='bbox 3314 1794 3795 1853; x_wconf 86' lang='lat' dir='ltr'>Christianissimo</span> <span class='ocrx_word' id='word_1_306' title='bbox 3826 1813 3852 1851; x_wconf 82' lang='lat' dir='ltr'>a</span> 
     </span>
    </p>
   </div>
   <div class='ocr_carea' id='block_1_45' title="bbox 2262 1884 3849 1960">
    <p class='ocr_par' dir='ltr' id='par_1_45' title="bbox 2262 1884 3849 1960">
     <span class='ocr_line' id='line_1_45' title="bbox 2262 1884 3849 1960; baseline -0.002 -17"><span class='ocrx_word' id='word_1_307' title='bbox 2262 1890 2492 1960; x_wconf 84' lang='lat' dir='ltr'>primate</span> <span class='ocrx_word' id='word_1_308' title='bbox 2523 1887 2823 1959; x_wconf 71' lang='lat' dir='ltr'>provinciae</span> <span class='ocrx_word' id='word_1_309' title='bbox 2855 1903 3007 1954; x_wconf 68' lang='lat' dir='ltr'>meas,</span> <span class='ocrx_word' id='word_1_310' title='bbox 3038 1884 3130 1941; x_wconf 90' lang='lat' dir='ltr'>cui</span> <span class='ocrx_word' id='word_1_311' title='bbox 3162 1885 3305 1941; x_wconf 89' lang='lat' dir='ltr'>hanc</span> <span class='ocrx_word' id='word_1_312' title='bbox 3329 1885 3574 1956; x_wconf 85' lang='lat' dir='ltr'>porrigo,</span> <span class='ocrx_word' id='word_1_313' title='bbox 3603 1884 3725 1940; x_wconf 87' lang='lat' dir='ltr'>dari</span> <span class='ocrx_word' id='word_1_314' title='bbox 3757 1885 3849 1941; x_wconf 81' lang='lat' dir='ltr'>ds-</span> 
     </span>
    </p>
   </div>
   <div class='ocr_carea' id='block_1_46' title="bbox 2261 1973 3849 2047">
    <p class='ocr_par' dir='ltr' id='par_1_46' title="bbox 2261 1973 3849 2047">
     <span class='ocr_line' id='line_1_46' title="bbox 2261 1973 3849 2047; baseline 0.001 -18"><span class='ocrx_word' id='word_1_315' title='bbox 2261 1992 2424 2047; x_wconf 86' lang='lat' dir='ltr'>posco</span> <span class='ocrx_word' id='word_1_316' title='bbox 2450 1994 2460 2030; x_wconf 91' lang='lat'>:</span> <span class='ocrx_word' id='word_1_317' title='bbox 2516 1975 2674 2031; x_wconf 87' lang='lat' dir='ltr'>vobis</span> <span class='ocrx_word' id='word_1_318' title='bbox 2704 1992 2815 2030; x_wconf 84' lang='lat' dir='ltr'>una</span> <span class='ocrx_word' id='word_1_319' title='bbox 2841 1992 2968 2033; x_wconf 89' lang='lat' dir='ltr'>eum</span> <span class='ocrx_word' id='word_1_320' title='bbox 3016 1991 3080 2031; x_wconf 92' lang='lat' dir='ltr'>eo</span> <span class='ocrx_word' id='word_1_321' title='bbox 3111 1974 3286 2047; x_wconf 86' lang='lat' dir='ltr'>ipsius</span> <span class='ocrx_word' id='word_1_322' title='bbox 3319 1973 3511 2031; x_wconf 88' lang='lat' dir='ltr'>domui</span> <span class='ocrx_word' id='word_1_323' title='bbox 3540 1975 3719 2031; x_wconf 86' lang='lat' dir='ltr'>nostri</span> <span class='ocrx_word' id='word_1_324' title='bbox 3741 1975 3849 2030; x_wconf 86' lang='lat' dir='ltr'>cle—</span> 
     </span>
    </p>
   </div>
   <div class='ocr_carea' id='block_1_47' title="bbox 2262 2065 3842 2138">
    <p class='ocr_par' dir='ltr' id='par_1_47' title="bbox 2262 2065 3842 2138">
     <span class='ocr_line' id='line_1_47' title="bbox 2262 2065 3842 2138; baseline 0 -18"><span class='ocrx_word' id='word_1_325' title='bbox 2262 2068 2525 2122; x_wconf 88' lang='lat' dir='ltr'>mentiam</span> <span class='ocrx_word' id='word_1_326' title='bbox 2557 2066 2984 2137; x_wconf 86' lang='lat' dir='ltr'>postulantibus,</span> <span class='ocrx_word' id='word_1_327' title='bbox 3018 2074 3081 2122; x_wconf 90' lang='lat' dir='ltr'>ut</span> <span class='ocrx_word' id='word_1_328' title='bbox 3106 2075 3325 2138; x_wconf 90' lang='lat' dir='ltr'>propter</span> <span class='ocrx_word' id='word_1_329' title='bbox 3355 2065 3454 2121; x_wconf 90' lang='lat' dir='ltr'>Dei</span> <span class='ocrx_word' id='word_1_330' title='bbox 3484 2081 3747 2133; x_wconf 88' lang='lat' dir='ltr'>amorem,</span> <span class='ocrx_word' id='word_1_331' title='bbox 3776 2075 3842 2120; x_wconf 82' lang='lat' dir='ltr'>at-</span> 
     </span>
    </p>
   </div>
   <div class='ocr_carea' id='block_1_48' title="bbox 2260 2155 3843 2227">
    <p class='ocr_par' dir='ltr' id='par_1_48' title="bbox 2260 2155 3843 2227">
     <span class='ocr_line' id='line_1_48' title="bbox 2260 2155 3843 2227; baseline 0.001 -17"><span class='ocrx_word' id='word_1_332' title='bbox 2260 2172 2364 2227; x_wconf 87' lang='lat' dir='ltr'>que</span> <span class='ocrx_word' id='word_1_333' title='bbox 2394 2164 2591 2212; x_wconf 68' lang='lat' dir='ltr'>sanctae</span> <span class='ocrx_word' id='word_1_334' title='bbox 2630 2156 2831 2225; x_wconf 70' lang='lat' dir='ltr'>Mariae,</span> <span class='ocrx_word' id='word_1_335' title='bbox 2872 2163 2925 2211; x_wconf 91' lang='lat' dir='ltr'>et</span> <span class='ocrx_word' id='word_1_336' title='bbox 2969 2164 3285 2213; x_wconf 88' lang='lat' dir='ltr'>sanctorum</span> <span class='ocrx_word' id='word_1_337' title='bbox 3315 2155 3715 2226; x_wconf 80' lang='lat' dir='ltr'>apostolorum,</span> <span class='ocrx_word' id='word_1_338' title='bbox 3744 2172 3843 2211; x_wconf 84' lang='lat' dir='ltr'>om-</span> 
     </span>
    </p>
   </div>
   <div class='ocr_carea' id='block_1_49' title="bbox 2260 2242 3837 2316">
    <p class='ocr_par' dir='ltr' id='par_1_49' title="bbox 2260 2242 3837 2316">
     <span class='ocr_line' id='line_1_49' title="bbox 2260 2242 3837 2316; baseline 0.001 -18"><span class='ocrx_word' id='word_1_339' title='bbox 2260 2244 2524 2316; x_wconf 88' lang='lat' dir='ltr'>niumque</span> <span class='ocrx_word' id='word_1_340' title='bbox 2545 2244 2709 2300; x_wconf 90' lang='lat' dir='ltr'>simul</span> <span class='ocrx_word' id='word_1_341' title='bbox 2730 2253 3046 2299; x_wconf 89' lang='lat' dir='ltr'>sanctorum</span> <span class='ocrx_word' id='word_1_342' title='bbox 3071 2244 3503 2311; x_wconf 84' lang='lat' dir='ltr'>venerationem,</span> <span class='ocrx_word' id='word_1_343' title='bbox 3536 2242 3680 2297; x_wconf 87' lang='lat' dir='ltr'>mihi</span> <span class='ocrx_word' id='word_1_344' title='bbox 3714 2243 3837 2313; x_wconf 75' lang='lat' dir='ltr'>leges</span> 
     </span>
    </p>
   </div>
   <div class='ocr_carea' id='block_1_50' title="bbox 2259 2333 3835 2405">
    <p class='ocr_par' dir='ltr' id='par_1_50' title="bbox 2259 2333 3835 2405">
     <span class='ocr_line' id='line_1_50' title="bbox 2259 2333 3835 2405; baseline -0.001 -16"><span class='ocrx_word' id='word_1_345' title='bbox 2259 2335 2651 2390; x_wconf 87' lang='lat' dir='ltr'>ecclesiasticas</span> <span class='ocrx_word' id='word_1_346' title='bbox 2687 2341 2886 2401; x_wconf 87' lang='lat' dir='ltr'>servet,</span> <span class='ocrx_word' id='word_1_347' title='bbox 2911 2334 3005 2405; x_wconf 89' lang='lat' dir='ltr'>qui</span> <span class='ocrx_word' id='word_1_348' title='bbox 3029 2334 3175 2405; x_wconf 87' lang='lat' dir='ltr'>regia</span> <span class='ocrx_word' id='word_1_349' title='bbox 3195 2333 3396 2405; x_wconf 82' lang='lat' dir='ltr'>pietate</span> <span class='ocrx_word' id='word_1_350' title='bbox 3431 2334 3655 2389; x_wconf 88' lang='lat' dir='ltr'>cunctis</span> <span class='ocrx_word' id='word_1_351' title='bbox 3686 2334 3835 2404; x_wconf 76' lang='lat' dir='ltr'>legem</span> 
     </span>
    </p>
   </div>
   <div class='ocr_carea' id='block_1_51' title="bbox 2259 2422 3641 2492">
    <p class='ocr_par' dir='ltr' id='par_1_51' title="bbox 2259 2422 3641 2492">
     <span class='ocr_line' id='line_1_51' title="bbox 2259 2422 3641 2492; baseline -0.001 -12"><span class='ocrx_word' id='word_1_352' title='bbox 2259 2440 2495 2492; x_wconf 87' lang='lat' dir='ltr'>servare,</span> <span class='ocrx_word' id='word_1_353' title='bbox 2529 2433 2581 2481; x_wconf 88' lang='lat' dir='ltr'>et</span> <span class='ocrx_word' id='word_1_354' title='bbox 2608 2422 3041 2479; x_wconf 88' lang='lat' dir='ltr'>misericordiam</span> <span class='ocrx_word' id='word_1_355' title='bbox 3078 2422 3341 2479; x_wconf 85' lang='lat' dir='ltr'>exhibere</span> <span class='ocrx_word' id='word_1_356' title='bbox 3363 2430 3641 2478; x_wconf 89' lang='lat' dir='ltr'>mouetur.</span> 
     </span>
    </p>
   </div>
   <div class='ocr_carea' id='block_1_52' title="bbox 2100 2805 2293 2869">
    <p class='ocr_par' dir='ltr' id='par_1_52' title="bbox 2100 2805 2293 2869">
     <span class='ocr_line' id='line_1_52' title="bbox 2100 2805 2293 2869; baseline 0.021 -4"><span class='ocrx_word' id='word_1_357' title='bbox 2100 2805 2293 2869; x_wconf 78' lang='lat' dir='ltr'>VII.</span> 
     </span>
    </p>
   </div>
   <div class='ocr_carea' id='block_1_53' title="bbox 1431 2936 2964 3000">
    <p class='ocr_par' dir='ltr' id='par_1_53' title="bbox 1431 2936 2964 3000">
     <span class='ocr_line' id='line_1_53' title="bbox 1431 2936 2964 3000; baseline 0.003 -6"><span class='ocrx_word' id='word_1_358' title='bbox 1431 2936 1930 2997; x_wconf 84' lang='lat' dir='ltr'>SATISFACTIO</span> <span class='ocrx_word' id='word_1_359' title='bbox 1976 2937 2354 2998; x_wconf 85' lang='lat' dir='ltr'>HINCMARI</span> <span class='ocrx_word' id='word_1_360' title='bbox 2400 2938 2964 3000; x_wconf 88' lang='lat' dir='ltr'>LAUDUNENSIS.</span> 
     </span>
    </p>
   </div>
   <div class='ocr_carea' id='block_1_54' title="bbox 620 3075 3766 3157">
    <p class='ocr_par' dir='ltr' id='par_1_54' title="bbox 620 3075 3766 3157">
     <span class='ocr_line' id='line_1_54' title="bbox 620 3075 3766 3157; baseline 0.001 -23"><span class='ocrx_word' id='word_1_361' title='bbox 620 3076 783 3134; x_wconf 84' lang='lat' dir='ltr'>Verba</span> <span class='ocrx_word' id='word_1_362' title='bbox 819 3075 1197 3147; x_wconf 76' lang='lat' dir='ltr'>satisfactionis</span> <span class='ocrx_word' id='word_1_363' title='bbox 1235 3078 1513 3134; x_wconf 44' lang='lat' dir='ltr'>Hinc&#39;mari</span> <span class='ocrx_word' id='word_1_364' title='bbox 1548 3079 1919 3135; x_wconf 82' lang='lat' dir='ltr'>Laudunensis</span> <span class='ocrx_word' id='word_1_365' title='bbox 1959 3081 2204 3152; x_wconf 79' lang='lat' dir='ltr'>episcopi,</span> <span class='ocrx_word' id='word_1_366' title='bbox 2244 3081 2437 3136; x_wconf 88' lang='lat' dir='ltr'>domno</span> <span class='ocrx_word' id='word_1_367' title='bbox 2481 3083 2676 3138; x_wconf 83' lang='lat' dir='ltr'>Carolo</span> <span class='ocrx_word' id='word_1_368' title='bbox 2714 3084 2825 3155; x_wconf 78' lang='lat' dir='ltr'>regi</span> <span class='ocrx_word' id='word_1_369' title='bbox 2855 3101 2956 3157; x_wconf 79' lang='lat' dir='ltr'>per</span> <span class='ocrx_word' id='word_1_370' title='bbox 2998 3085 3227 3141; x_wconf 85' lang='lat' dir='ltr'>Odonem</span> <span class='ocrx_word' id='word_1_371' title='bbox 3264 3101 3563 3156; x_wconf 66' lang='lat' dir='ltr'>episcopum</span> <span class='ocrx_word' id='word_1_372' title='bbox 3598 3085 3766 3138; x_wconf 81' lang='lat' dir='ltr'>missa.</span> 
     </span>
    </p>
   </div>
   <div class='ocr_carea' id='block_1_55' title="bbox 615 3310 3811 3396">
    <p class='ocr_par' dir='ltr' id='par_1_55' title="bbox 615 3310 3811 3396">
     <span class='ocr_line' id='line_1_55' title="bbox 615 3310 3811 3396; baseline 0.004 -32"><span class='ocrx_word' id='word_1_373' title='bbox 615 3310 847 3378; x_wconf 89' lang='lat' dir='ltr'>Domne,</span> <span class='ocrx_word' id='word_1_374' title='bbox 902 3327 1000 3382; x_wconf 87' lang='lat' dir='ltr'>ego</span> <span class='ocrx_word' id='word_1_375' title='bbox 1042 3313 1319 3369; x_wconf 86' lang='lat' dir='ltr'>commovi</span> <span class='ocrx_word' id='word_1_376' title='bbox 1368 3312 1616 3369; x_wconf 88' lang='lat' dir='ltr'>animum</span> <span class='ocrx_word' id='word_1_377' title='bbox 1674 3322 1939 3384; x_wconf 89' lang='lat' dir='ltr'>vestrum,</span> <span class='ocrx_word' id='word_1_378' title='bbox 1991 3314 2138 3388; x_wconf 89' lang='lat' dir='ltr'>quod</span> <span class='ocrx_word' id='word_1_379' title='bbox 2170 3318 2212 3378; x_wconf 87' lang='lat' dir='ltr'>C</span> <span class='ocrx_word' id='word_1_380' title='bbox 2246 3317 2575 3375; x_wconf 88' lang='lat' dir='ltr'>incautelam</span> <span class='ocrx_word' id='word_1_381' title='bbox 2608 3337 2704 3376; x_wconf 90' lang='lat' dir='ltr'>vos</span> <span class='ocrx_word' id='word_1_382' title='bbox 2733 3322 2958 3379; x_wconf 78' lang='lat' dir='ltr'>offendi.</span> <span class='ocrx_word' id='word_1_383' title='bbox 2996 3324 3066 3378; x_wconf 90' lang='lat' dir='ltr'>Et</span> <span class='ocrx_word' id='word_1_384' title='bbox 3093 3331 3359 3396; x_wconf 89' lang='lat' dir='ltr'>quantum</span> <span class='ocrx_word' id='word_1_385' title='bbox 3391 3340 3491 3380; x_wconf 90' lang='lat' dir='ltr'>vos</span> <span class='ocrx_word' id='word_1_386' title='bbox 3535 3324 3811 3394; x_wconf 83' lang='lat' dir='ltr'>benignum</span> 
     </span>
    </p>
   </div>
   <div class='ocr_carea' id='block_1_56' title="bbox 543 3396 2131 3474">
    <p class='ocr_par' dir='ltr' id='par_1_56' title="bbox 543 3396 2131 3474">
     <span class='ocr_line' id='line_1_56' title="bbox 543 3396 2131 3474; baseline 0.006 -23"><span class='ocrx_word' id='word_1_387' title='bbox 543 3396 681 3453; x_wconf 89' lang='lat' dir='ltr'>mihi</span> <span class='ocrx_word' id='word_1_388' title='bbox 711 3415 824 3455; x_wconf 92' lang='lat' dir='ltr'>non</span> <span class='ocrx_word' id='word_1_389' title='bbox 847 3399 1025 3456; x_wconf 88' lang='lat' dir='ltr'>fuerat</span> <span class='ocrx_word' id='word_1_390' title='bbox 1053 3417 1208 3472; x_wconf 88' lang='lat' dir='ltr'>opus,</span> <span class='ocrx_word' id='word_1_391' title='bbox 1239 3409 1293 3456; x_wconf 89' lang='lat' dir='ltr'>et</span> <span class='ocrx_word' id='word_1_392' title='bbox 1321 3418 1431 3456; x_wconf 92' lang='lat' dir='ltr'>non</span> <span class='ocrx_word' id='word_1_393' title='bbox 1462 3419 1557 3474; x_wconf 87' lang='lat' dir='ltr'>per</span> <span class='ocrx_word' id='word_1_394' title='bbox 1595 3402 1996 3471; x_wconf 87' lang='lat' dir='ltr'>inﬁdelitatem,</span> <span class='ocrx_word' id='word_1_395' title='bbox 2029 3419 2131 3460; x_wconf 87' lang='lat' dir='ltr'>nec</span> 
     </span>
    </p>
   </div>
   <div class='ocr_carea' id='block_1_57' title="bbox 542 3488 2126 3567">
    <p class='ocr_par' dir='ltr' id='par_1_57' title="bbox 542 3488 2126 3567">
     <span class='ocr_line' id='line_1_57' title="bbox 542 3488 2126 3567; baseline 0.006 -26"><span class='ocrx_word' id='word_1_396' title='bbox 542 3494 805 3558; x_wconf 88' lang='lat' dir='ltr'>quantum</span> <span class='ocrx_word' id='word_1_397' title='bbox 836 3488 1197 3544; x_wconf 91' lang='lat' dir='ltr'>intentionem</span> <span class='ocrx_word' id='word_1_398' title='bbox 1230 3490 1430 3546; x_wconf 90' lang='lat' dir='ltr'>mentis</span> <span class='ocrx_word' id='word_1_399' title='bbox 1451 3507 1583 3547; x_wconf 69' lang='lat' dir='ltr'>meae</span> <span class='ocrx_word' id='word_1_400' title='bbox 1604 3508 1926 3563; x_wconf 86' lang='lat' dir='ltr'>cognoscere</span> <span class='ocrx_word' id='word_1_401' title='bbox 1952 3494 2126 3567; x_wconf 88' lang='lat' dir='ltr'>potui,</span> 
     </span>
    </p>
   </div>
   <div class='ocr_carea' id='block_1_58' title="bbox 540 3575 2130 3653">
    <p class='ocr_par' dir='ltr' id='par_1_58' title="bbox 540 3575 2130 3653">
     <span class='ocr_line' id='line_1_58' title="bbox 540 3575 2130 3653; baseline 0.006 -22"><span class='ocrx_word' id='word_1_402' title='bbox 540 3575 609 3631; x_wconf 89' lang='lat' dir='ltr'>ad</span> <span class='ocrx_word' id='word_1_403' title='bbox 638 3584 873 3632; x_wconf 88' lang='lat' dir='ltr'>vestram</span> <span class='ocrx_word' id='word_1_404' title='bbox 907 3576 1432 3634; x_wconf 86' lang='lat' dir='ltr'>dehonorationem:</span> <span class='ocrx_word' id='word_1_405' title='bbox 1494 3580 1588 3636; x_wconf 89' lang='lat' dir='ltr'>sed</span> <span class='ocrx_word' id='word_1_406' title='bbox 1632 3582 1771 3637; x_wconf 88' lang='lat' dir='ltr'>forte</span> <span class='ocrx_word' id='word_1_407' title='bbox 1816 3600 1911 3653; x_wconf 89' lang='lat' dir='ltr'>per</span> <span class='ocrx_word' id='word_1_408' title='bbox 1952 3599 2130 3640; x_wconf 87' lang='lat' dir='ltr'>meam</span> 
     </span>
    </p>
   </div>
   <div class='ocr_carea' id='block_1_59' title="bbox 2239 3405 3811 3484">
    <p class='ocr_par' dir='ltr' id='par_1_59' title="bbox 2239 3405 3811 3484">
     <span class='ocr_line' id='line_1_59' title="bbox 2239 3405 3811 3484; baseline 0.003 -24"><span class='ocrx_word' id='word_1_409' title='bbox 2239 3405 2428 3475; x_wconf 91' lang='lat' dir='ltr'>habui,</span> <span class='ocrx_word' id='word_1_410' title='bbox 2460 3415 2673 3464; x_wconf 90' lang='lat' dir='ltr'>tantum</span> <span class='ocrx_word' id='word_1_411' title='bbox 2708 3420 2891 3480; x_wconf 88' lang='lat' dir='ltr'>postea</span> <span class='ocrx_word' id='word_1_412' title='bbox 2918 3413 3184 3468; x_wconf 71' lang='lat' dir='ltr'>offensum</span> <span class='ocrx_word' id='word_1_413' title='bbox 3211 3413 3379 3469; x_wconf 90' lang='lat' dir='ltr'>sensi.</span> <span class='ocrx_word' id='word_1_414' title='bbox 3410 3414 3483 3468; x_wconf 89' lang='lat' dir='ltr'>Et</span> <span class='ocrx_word' id='word_1_415' title='bbox 3503 3412 3628 3468; x_wconf 87' lang='lat' dir='ltr'>inde</span> <span class='ocrx_word' id='word_1_416' title='bbox 3650 3427 3811 3484; x_wconf 87' lang='lat' dir='ltr'>precor</span> 
     </span>
    </p>
   </div>
   <div class='ocr_carea' id='block_1_60' title="bbox 2237 3497 3807 3572">
    <p class='ocr_par' dir='ltr' id='par_1_60' title="bbox 2237 3497 3807 3572">
     <span class='ocr_line' id='line_1_60' title="bbox 2237 3497 3807 3572; baseline 0.004 -23"><span class='ocrx_word' id='word_1_417' title='bbox 2237 3502 2475 3550; x_wconf 87' lang='lat' dir='ltr'>vestram</span> <span class='ocrx_word' id='word_1_418' title='bbox 2502 3497 2831 3567; x_wconf 89' lang='lat' dir='ltr'>mercedem,</span> <span class='ocrx_word' id='word_1_419' title='bbox 2864 3508 2925 3555; x_wconf 91' lang='lat' dir='ltr'>ut</span> <span class='ocrx_word' id='word_1_420' title='bbox 2950 3508 3126 3556; x_wconf 90' lang='lat' dir='ltr'>vester</span> <span class='ocrx_word' id='word_1_421' title='bbox 3146 3501 3365 3557; x_wconf 86' lang='lat' dir='ltr'>animus</span> <span class='ocrx_word' id='word_1_422' title='bbox 3394 3502 3467 3557; x_wconf 89' lang='lat' dir='ltr'>sit</span> <span class='ocrx_word' id='word_1_423' title='bbox 3495 3501 3633 3556; x_wconf 89' lang='lat' dir='ltr'>mihi</span> <span class='ocrx_word' id='word_1_424' title='bbox 3660 3503 3807 3572; x_wconf 82' lang='lat' dir='ltr'>placa-</span> 
     </span>
    </p>
   </div>
   <div class='ocr_carea' id='block_1_61' title="bbox 2239 3588 3713 3664">
    <p class='ocr_par' dir='ltr' id='par_1_61' title="bbox 2239 3588 3713 3664">
     <span class='ocr_line' id='line_1_61' title="bbox 2239 3588 3713 3664; baseline 0.003 -24"><span class='ocrx_word' id='word_1_425' title='bbox 2239 3593 2346 3654; x_wconf 90' lang='lat' dir='ltr'>tus,</span> <span class='ocrx_word' id='word_1_426' title='bbox 2378 3596 2431 3642; x_wconf 88' lang='lat' dir='ltr'>et</span> <span class='ocrx_word' id='word_1_427' title='bbox 2460 3604 2558 3642; x_wconf 87' lang='lat' dir='ltr'>vos</span> <span class='ocrx_word' id='word_1_428' title='bbox 2586 3588 2787 3642; x_wconf 89' lang='lat' dir='ltr'>iterum</span> <span class='ocrx_word' id='word_1_429' title='bbox 2816 3590 3049 3657; x_wconf 78' lang='lat' dir='ltr'>sentiam</span> <span class='ocrx_word' id='word_1_430' title='bbox 3079 3591 3217 3646; x_wconf 90' lang='lat' dir='ltr'>mihi</span> <span class='ocrx_word' id='word_1_431' title='bbox 3250 3608 3367 3647; x_wconf 88' lang='lat' dir='ltr'>esse</span> <span class='ocrx_word' id='word_1_432' title='bbox 3399 3591 3713 3664; x_wconf 85' lang='lat' dir='ltr'>benignum.</span> 
     </span>
    </p>
   </div>
   <div class='ocr_carea' id='block_1_62' title="bbox 2072 3868 2308 3932">
    <p class='ocr_par' dir='ltr' id='par_1_62' title="bbox 2072 3868 2308 3932">
     <span class='ocr_line' id='line_1_62' title="bbox 2072 3868 2308 3932; baseline 0.021 -5"><span class='ocrx_word' id='word_1_433' title='bbox 2072 3868 2308 3932; x_wconf 79' lang='grc' dir='ltr'>νιιι.</span> 
     </span>
    </p>
   </div>
   <div class='ocr_carea' id='block_1_63' title="bbox 1125 3993 3225 4079">
    <p class='ocr_par' dir='ltr' id='par_1_63' title="bbox 1125 3993 3225 4079">
     <span class='ocr_line' id='line_1_63' title="bbox 1125 3993 3225 4079; baseline 0.011 -26"><span class='ocrx_word' id='word_1_434' title='bbox 1125 3993 1518 4055; x_wconf 80' lang='lat' dir='ltr'>EPISTULA</span> <span class='ocrx_word' id='word_1_435' title='bbox 1559 3995 1945 4061; x_wconf 86' lang='lat' dir='ltr'>HINCMARI</span> <span class='ocrx_word' id='word_1_436' title='bbox 1991 4002 2529 4070; x_wconf 86' lang='lat' dir='ltr'>LAUDUNENSIS</span> <span class='ocrx_word' id='word_1_437' title='bbox 2574 4010 2675 4071; x_wconf 87' lang='lat' dir='ltr'>AD</span> <span class='ocrx_word' id='word_1_438' title='bbox 2721 4012 3225 4079; x_wconf 83' lang='lat' dir='ltr'>RHEMENSEM.</span> 
     </span>
    </p>
   </div>
   <div class='ocr_carea' id='block_1_64' title="bbox 529 4129 3786 4238">
    <p class='ocr_par' dir='ltr' id='par_1_64' title="bbox 529 4129 3786 4238">
     <span class='ocr_line' id='line_1_64' title="bbox 529 4129 3786 4238; baseline 0.009 -50"><span class='ocrx_word' id='word_1_439' title='bbox 529 4130 822 4202; x_wconf 78' lang='lat' dir='ltr'>Respondet</span> <span class='ocrx_word' id='word_1_440' title='bbox 847 4132 920 4189; x_wconf 84' lang='lat' dir='ltr'>ad</span> <span class='ocrx_word' id='word_1_441' title='bbox 942 4129 1225 4191; x_wconf 74' lang='lat' dir='ltr'>Hincmari</span> <span class='ocrx_word' id='word_1_442' title='bbox 1250 4135 1525 4208; x_wconf 79' lang='lat' dir='ltr'>epistolam</span> <span class='ocrx_word' id='word_1_443' title='bbox 1547 4138 1947 4214; x_wconf 74' lang='lat' dir='ltr'>quimquaginta</span> <span class='ocrx_word' id='word_1_444' title='bbox 1977 4145 2208 4217; x_wconf 70' lang='lat' dir='ltr'>quiaque</span> <span class='ocrx_word' id='word_1_445' title='bbox 2229 4149 2457 4219; x_wconf 79' lang='lat' dir='ltr'>capitum</span> <span class='ocrx_word' id='word_1_446' title='bbox 2487 4158 2535 4205; x_wconf 85' lang='lat' dir='ltr'>et</span> <span class='ocrx_word' id='word_1_447' title='bbox 2560 4153 2632 4207; x_wconf 86' lang='lat' dir='ltr'>ad</span> <span class='ocrx_word' id='word_1_448' title='bbox 2659 4154 2769 4210; x_wconf 76' lang='lat' dir='ltr'>alia</span> <span class='ocrx_word' id='word_1_449' title='bbox 2798 4172 2914 4226; x_wconf 70' lang='lat' dir='ltr'>quis</span> <span class='ocrx_word' id='word_1_450' title='bbox 2942 4164 3126 4238; x_wconf 69' lang='lat' dir='ltr'>contra</span> <span class='ocrx_word' id='word_1_451' title='bbox 3147 4159 3321 4232; x_wconf 74' lang='lat' dir='ltr'>ipsum</span> <span class='ocrx_word' id='word_1_452' title='bbox 3347 4159 3553 4233; x_wconf 79' lang='lat' dir='ltr'>scripta</span> <span class='ocrx_word' id='word_1_453' title='bbox 3573 4165 3653 4217; x_wconf 77' lang='lat' dir='ltr'>oet</span> <span class='ocrx_word' id='word_1_454' title='bbox 3676 4165 3786 4215; x_wconf 78' lang='lat' dir='ltr'>acta.</span> 
     </span>
    </p>
   </div>
   <div class='ocr_carea' id='block_1_65' title="bbox 1976 4298 2389 4312">
    <p class='ocr_par' dir='ltr' id='par_1_65' title="bbox 1976 4298 2389 4312">
     <span class='ocr_line' id='line_1_65' title="bbox 1976 4298 2389 4312; baseline 0.005 -5"><span class='ocrx_word' id='word_1_455' title='bbox 1976 4298 2389 4312; x_wconf 81' lang='lat'>-——____</span> 
     </span>
    </p>
   </div>
   <div class='ocr_carea' id='block_1_66' title="bbox 602 4372 3796 4477">
    <p class='ocr_par' dir='ltr' id='par_1_66' title="bbox 602 4372 3796 4477">
     <span class='ocr_line' id='line_1_66' title="bbox 602 4372 3796 4477; baseline 0.011 -49"><span class='ocrx_word' id='word_1_456' title='bbox 602 4372 1065 4477; x_wconf 69' lang='lat' dir='ltr'>lteverentissimo</span> <span class='ocrx_word' id='word_1_457' title='bbox 1083 4376 1419 4477; x_wconf 53' lang='lat' dir='ltr'>lihemorum</span> <span class='ocrx_word' id='word_1_458' title='bbox 1441 4380 1863 4477; x_wconf 61' lang='lat' dir='ltr'>archiepiscopo</span> <span class='ocrx_word' id='word_1_459' title='bbox 1888 4386 2120 4444; x_wconf 89' lang='lat' dir='ltr'>domino</span> <span class='ocrx_word' id='word_1_460' title='bbox 2153 4398 2201 4456; x_wconf 90' lang='lat' dir='ltr'><strong>D</strong></span> <span class='ocrx_word' id='word_1_461' title='bbox 2230 4409 2353 4449; x_wconf 89' lang='lat' dir='ltr'>nem</span> <span class='ocrx_word' id='word_1_462' title='bbox 2377 4414 2388 4461; x_wconf 92' lang='lat'><strong>;</strong></span> <span class='ocrx_word' id='word_1_463' title='bbox 2415 4396 2673 4454; x_wconf 86' lang='lat' dir='ltr'>videlicet</span> <span class='ocrx_word' id='word_1_464' title='bbox 2691 4399 2773 4455; x_wconf 91' lang='lat' dir='ltr'>uti</span> <span class='ocrx_word' id='word_1_465' title='bbox 2793 4401 3229 4469; x_wconf 76' lang='lat' dir='ltr'>Antiochenam,</span> <span class='ocrx_word' id='word_1_466' title='bbox 3255 4407 3402 4477; x_wconf 88' lang='lat' dir='ltr'>quod</span> <span class='ocrx_word' id='word_1_467' title='bbox 3423 4408 3558 4463; x_wconf 84' lang='lat' dir='ltr'>satis</span> <span class='ocrx_word' id='word_1_468' title='bbox 3585 4406 3796 4464; x_wconf 58' lang='lat' dir='ltr'>abunde</span> 
     </span>
    </p>
   </div>
   <div class='ocr_carea' id='block_1_67' title="bbox 525 4464 2117 4535">
    <p class='ocr_par' dir='ltr' id='par_1_67' title="bbox 525 4464 2117 4535">
     <span class='ocr_line' id='line_1_67' title="bbox 525 4464 2117 4535; baseline 0.009 -15"><span class='ocrx_word' id='word_1_469' title='bbox 525 4464 671 4520; x_wconf 88' lang='lat' dir='ltr'>Patri</span> <span class='ocrx_word' id='word_1_470' title='bbox 722 4466 1032 4535; x_wconf 73' lang='lat' dir='ltr'>Hmcuno,</span> <span class='ocrx_word' id='word_1_471' title='bbox 1086 4469 1411 4526; x_wconf 69' lang='lat' dir='ltr'>Hmcsnuus</span> <span class='ocrx_word' id='word_1_472' title='bbox 1441 4471 1823 4530; x_wconf 85' lang='lat' dir='ltr'>Lauduuensis</span> <span class='ocrx_word' id='word_1_473' title='bbox 1858 4478 2117 4534; x_wconf 69' lang='lat' dir='ltr'>Ecclesia:</span> 
     </span>
    </p>
   </div>
   <div class='ocr_carea' id='block_1_68' title="bbox 523 4552 2116 4629">
    <p class='ocr_par' dir='ltr' id='par_1_68' title="bbox 523 4552 2116 4629">
     <span class='ocr_line' id='line_1_68' title="bbox 523 4552 2116 4629; baseline 0.011 -22"><span class='ocrx_word' id='word_1_474' title='bbox 523 4552 788 4611; x_wconf 87' lang='lat' dir='ltr'>minimus</span> <span class='ocrx_word' id='word_1_475' title='bbox 817 4556 1196 4629; x_wconf 87' lang='lat' dir='ltr'>episcoporum</span> <span class='ocrx_word' id='word_1_476' title='bbox 1216 4560 1275 4615; x_wconf 92' lang='lat' dir='ltr'>in</span> <span class='ocrx_word' id='word_1_477' title='bbox 1295 4560 1536 4618; x_wconf 88' lang='lat' dir='ltr'>Domino</span> <span class='ocrx_word' id='word_1_478' title='bbox 1559 4564 1686 4619; x_wconf 81' lang='lat' dir='ltr'>Jesu</span> <span class='ocrx_word' id='word_1_479' title='bbox 1707 4565 1928 4623; x_wconf 86' lang='lat' dir='ltr'>Christo</span> <span class='ocrx_word' id='word_1_480' title='bbox 1944 4568 2116 4624; x_wconf 87' lang='lat' dir='ltr'>totius</span> 
     </span>
    </p>
   </div>
   <div class='ocr_carea' id='block_1_69' title="bbox 522 4641 1258 4714">
    <p class='ocr_par' dir='ltr' id='par_1_69' title="bbox 522 4641 1258 4714">
     <span class='ocr_line' id='line_1_69' title="bbox 522 4641 1258 4714; baseline 0.008 -18"><span class='ocrx_word' id='word_1_481' title='bbox 522 4641 806 4699; x_wconf 88' lang='lat' dir='ltr'>felicitatis</span> <span class='ocrx_word' id='word_1_482' title='bbox 832 4645 1258 4714; x_wconf 86' lang='lat' dir='ltr'>plenitudinem.</span> 
     </span>
    </p>
   </div>
   <div class='ocr_carea' id='block_1_70' title="bbox 591 4731 2111 4806">
    <p class='ocr_par' dir='ltr' id='par_1_70' title="bbox 591 4731 2111 4806">
     <span class='ocr_line' id='line_1_70' title="bbox 591 4731 2111 4806; baseline 0.011 -21"><span class='ocrx_word' id='word_1_483' title='bbox 591 4732 670 4786; x_wconf 87' lang='lat' dir='ltr'>De</span> <span class='ocrx_word' id='word_1_484' title='bbox 720 4731 809 4787; x_wconf 86' lang='lat' dir='ltr'>his</span> <span class='ocrx_word' id='word_1_485' title='bbox 836 4748 955 4804; x_wconf 64' lang='lat' dir='ltr'>quae</span> <span class='ocrx_word' id='word_1_486' title='bbox 1014 4733 1173 4790; x_wconf 83' lang='lat' dir='ltr'>vobis</span> <span class='ocrx_word' id='word_1_487' title='bbox 1216 4751 1311 4806; x_wconf 89' lang='lat' dir='ltr'>per</span> <span class='ocrx_word' id='word_1_488' title='bbox 1368 4738 1649 4796; x_wconf 88' lang='lat' dir='ltr'>Hittonem</span> <span class='ocrx_word' id='word_1_489' title='bbox 1700 4744 1944 4799; x_wconf 71' lang='lat' dir='ltr'>ecclesias</span> <span class='ocrx_word' id='word_1_490' title='bbox 1973 4746 2111 4801; x_wconf 88' lang='lat' dir='ltr'>mihi</span> 
     </span>
    </p>
   </div>
   <div class='ocr_carea' id='block_1_71' title="bbox 519 4819 2114 4898">
    <p class='ocr_par' dir='ltr' id='par_1_71' title="bbox 519 4819 2114 4898">
     <span class='ocr_line' id='line_1_71' title="bbox 519 4819 2114 4898; baseline 0.011 -23"><span class='ocrx_word' id='word_1_491' title='bbox 519 4819 823 4875; x_wconf 64' lang='lat' dir='ltr'>commissa</span> <span class='ocrx_word' id='word_1_492' title='bbox 854 4822 1205 4893; x_wconf 66' lang='lat' dir='ltr'>prapositum</span> <span class='ocrx_word' id='word_1_493' title='bbox 1233 4826 1418 4883; x_wconf 88' lang='lat' dir='ltr'>verbis</span> <span class='ocrx_word' id='word_1_494' title='bbox 1446 4829 1722 4898; x_wconf 89' lang='lat' dir='ltr'>mandavi,</span> <span class='ocrx_word' id='word_1_495' title='bbox 1754 4842 1807 4888; x_wconf 90' lang='lat' dir='ltr'>et</span> <span class='ocrx_word' id='word_1_496' title='bbox 1834 4834 1975 4890; x_wconf 90' lang='lat' dir='ltr'>mihi</span> <span class='ocrx_word' id='word_1_497' title='bbox 2008 4836 2114 4892; x_wconf 84' lang='lat' dir='ltr'>lit-</span> 
     </span>
    </p>
   </div>
   <div class='ocr_carea' id='block_1_72' title="bbox 516 4907 2106 4982">
    <p class='ocr_par' dir='ltr' id='par_1_72' title="bbox 516 4907 2106 4982">
     <span class='ocr_line' id='line_1_72' title="bbox 516 4907 2106 4982; baseline 0.011 -19"><span class='ocrx_word' id='word_1_498' title='bbox 516 4907 650 4965; x_wconf 87' lang='lat' dir='ltr'>teris</span> <span class='ocrx_word' id='word_1_499' title='bbox 670 4910 1043 4982; x_wconf 84' lang='lat' dir='ltr'>rescripsistis,</span> <span class='ocrx_word' id='word_1_500' title='bbox 1068 4914 1447 4972; x_wconf 88' lang='lat' dir='ltr'>Hermundum</span> <span class='ocrx_word' id='word_1_501' title='bbox 1470 4918 1753 4975; x_wconf 87' lang='lat' dir='ltr'>hominem</span> <span class='ocrx_word' id='word_1_502' title='bbox 1779 4922 2106 4982; x_wconf 88' lang='lat' dir='ltr'>Nortmanni</span> 
     </span>
    </p>
   </div>
   <div class='ocr_carea' id='block_1_73' title="bbox 517 4996 2107 5079">
    <p class='ocr_par' dir='ltr' id='par_1_73' title="bbox 517 4996 2107 5079">
     <span class='ocr_line' id='line_1_73' title="bbox 517 4996 2107 5079; baseline 0.013 -28"><span class='ocrx_word' id='word_1_503' title='bbox 517 4996 658 5054; x_wconf 87' lang='lat' dir='ltr'>mihi</span> <span class='ocrx_word' id='word_1_504' title='bbox 685 4997 893 5055; x_wconf 77' lang='lat' dir='ltr'>dixisse</span> <span class='ocrx_word' id='word_1_505' title='bbox 919 5000 989 5057; x_wconf 88' lang='lat' dir='ltr'>de</span> <span class='ocrx_word' id='word_1_506' title='bbox 1016 5000 1180 5059; x_wconf 88' lang='lat' dir='ltr'>rebus</span> <span class='ocrx_word' id='word_1_507' title='bbox 1207 5020 1238 5059; x_wconf 85' lang='lat' dir='ltr'>a</span> <span class='ocrx_word' id='word_1_508' title='bbox 1287 5020 1373 5061; x_wconf 88' lang='lat' dir='ltr'>me</span> <span class='ocrx_word' id='word_1_509' title='bbox 1402 5008 1771 5079; x_wconf 86' lang='lat' dir='ltr'>conferendis,</span> <span class='ocrx_word' id='word_1_510' title='bbox 1823 5027 1933 5067; x_wconf 92' lang='lat' dir='ltr'>non</span> <span class='ocrx_word' id='word_1_511' title='bbox 1968 5015 2107 5071; x_wconf 89' lang='lat' dir='ltr'>mihi</span> 
     </span>
    </p>
   </div>
   <div class='ocr_carea' id='block_1_74' title="bbox 514 5084 2108 5167">
    <p class='ocr_par' dir='ltr' id='par_1_74' title="bbox 514 5084 2108 5167">
     <span class='ocr_line' id='line_1_74' title="bbox 514 5084 2108 5167; baseline 0.013 -26"><span class='ocrx_word' id='word_1_512' title='bbox 514 5084 681 5157; x_wconf 85' lang='lat' dir='ltr'>dixit,</span> <span class='ocrx_word' id='word_1_513' title='bbox 709 5087 806 5144; x_wconf 89' lang='lat' dir='ltr'>sed</span> <span class='ocrx_word' id='word_1_514' title='bbox 834 5088 1155 5148; x_wconf 87' lang='lat' dir='ltr'>hominibus</span> <span class='ocrx_word' id='word_1_515' title='bbox 1184 5093 1515 5166; x_wconf 87' lang='lat' dir='ltr'>quibusdam</span> <span class='ocrx_word' id='word_1_516' title='bbox 1548 5098 1702 5167; x_wconf 90' lang='lat' dir='ltr'>meis,</span> <span class='ocrx_word' id='word_1_517' title='bbox 1737 5116 1839 5157; x_wconf 87' lang='lat' dir='ltr'>nec</span> <span class='ocrx_word' id='word_1_518' title='bbox 1880 5102 2108 5161; x_wconf 90' lang='lat' dir='ltr'>incertis</span> 
     </span>
    </p>
   </div>
   <div class='ocr_carea' id='block_1_75' title="bbox 514 5177 2105 5254">
    <p class='ocr_par' dir='ltr' id='par_1_75' title="bbox 514 5177 2105 5254">
     <span class='ocr_line' id='line_1_75' title="bbox 514 5177 2105 5254; baseline 0.013 -24"><span class='ocrx_word' id='word_1_519' title='bbox 514 5177 779 5245; x_wconf 88' lang='lat' dir='ltr'>personis.</span> <span class='ocrx_word' id='word_1_520' title='bbox 812 5177 916 5236; x_wconf 91' lang='lat' dir='ltr'>Sed</span> <span class='ocrx_word' id='word_1_521' title='bbox 943 5188 995 5236; x_wconf 89' lang='lat' dir='ltr'>et</span> <span class='ocrx_word' id='word_1_522' title='bbox 1023 5182 1169 5253; x_wconf 90' lang='lat' dir='ltr'>quod</span> <span class='ocrx_word' id='word_1_523' title='bbox 1192 5183 1510 5254; x_wconf 88' lang='lat' dir='ltr'>scripsistis,</span> <span class='ocrx_word' id='word_1_524' title='bbox 1545 5188 1799 5243; x_wconf 88' lang='lat' dir='ltr'>eumdem</span> <span class='ocrx_word' id='word_1_525' title='bbox 1822 5191 2105 5249; x_wconf 86' lang='lat' dir='ltr'>Hittonem</span> 
     </span>
    </p>
   </div>
   <div class='ocr_carea' id='block_1_76' title="bbox 512 5264 2102 5338">
    <p class='ocr_par' dir='ltr' id='par_1_76' title="bbox 512 5264 2102 5338">
     <span class='ocr_line' id='line_1_76' title="bbox 512 5264 2102 5338; baseline 0.011 -18"><span class='ocrx_word' id='word_1_526' title='bbox 512 5264 719 5323; x_wconf 84' lang='lat' dir='ltr'>dixisse</span> <span class='ocrx_word' id='word_1_527' title='bbox 747 5275 810 5323; x_wconf 90' lang='lat' dir='ltr'>ut</span> <span class='ocrx_word' id='word_1_528' title='bbox 834 5267 971 5324; x_wconf 91' lang='lat' dir='ltr'>mihi</span> <span class='ocrx_word' id='word_1_529' title='bbox 1004 5270 1166 5326; x_wconf 88' lang='lat' dir='ltr'>liceat</span> <span class='ocrx_word' id='word_1_530' title='bbox 1198 5288 1282 5328; x_wconf 90' lang='lat' dir='ltr'>res</span> <span class='ocrx_word' id='word_1_531' title='bbox 1310 5275 1555 5330; x_wconf 64' lang='lat' dir='ltr'>ecclesiae</span> <span class='ocrx_word' id='word_1_532' title='bbox 1594 5276 1735 5333; x_wconf 92' lang='lat' dir='ltr'>sicut</span> <span class='ocrx_word' id='word_1_533' title='bbox 1767 5278 1905 5335; x_wconf 87' lang='lat' dir='ltr'>mihi</span> <span class='ocrx_word' id='word_1_534' title='bbox 1937 5281 2102 5338; x_wconf 90' lang='lat' dir='ltr'>simu-</span> 
     </span>
    </p>
   </div>
   <div class='ocr_carea' id='block_1_77' title="bbox 512 5350 2100 5442">
    <p class='ocr_par' dir='ltr' id='par_1_77' title="bbox 512 5350 2100 5442">
     <span class='ocr_line' id='line_1_77' title="bbox 512 5350 2100 5442; baseline 0.013 -36"><span class='ocrx_word' id='word_1_535' title='bbox 512 5350 708 5409; x_wconf 89' lang='lat' dir='ltr'>laverit</span> <span class='ocrx_word' id='word_1_536' title='bbox 736 5356 1023 5429; x_wconf 91' lang='lat' dir='ltr'>disponere</span> <span class='ocrx_word' id='word_1_537' title='bbox 1052 5366 1107 5415; x_wconf 89' lang='lat' dir='ltr'>et</span> <span class='ocrx_word' id='word_1_538' title='bbox 1130 5360 1450 5431; x_wconf 85' lang='lat' dir='ltr'>gubernare,</span> <span class='ocrx_word' id='word_1_539' title='bbox 1486 5380 1596 5419; x_wconf 93' lang='lat' dir='ltr'>nou</span> <span class='ocrx_word' id='word_1_540' title='bbox 1619 5381 1706 5422; x_wconf 87' lang='lat' dir='ltr'>eas</span> <span class='ocrx_word' id='word_1_541' title='bbox 1734 5368 1896 5425; x_wconf 87' lang='lat' dir='ltr'>aliter</span> <span class='ocrx_word' id='word_1_542' title='bbox 1919 5369 2100 5442; x_wconf 84' lang='lat' dir='ltr'>dispo-</span> 
     </span>
    </p>
   </div>
   <div class='ocr_carea' id='block_1_78' title="bbox 513 5445 2100 5522">
    <p class='ocr_par' dir='ltr' id='par_1_78' title="bbox 513 5445 2100 5522">
     <span class='ocr_line' id='line_1_78' title="bbox 513 5445 2100 5522; baseline 0.015 -31"><span class='ocrx_word' id='word_1_543' title='bbox 513 5453 640 5494; x_wconf 89' lang='lat' dir='ltr'>nere</span> <span class='ocrx_word' id='word_1_544' title='bbox 684 5445 772 5499; x_wconf 88' lang='lat' dir='ltr'>vel</span> <span class='ocrx_word' id='word_1_545' title='bbox 818 5446 1117 5517; x_wconf 86' lang='lat' dir='ltr'>gubernare</span> <span class='ocrx_word' id='word_1_546' title='bbox 1158 5452 1307 5522; x_wconf 91' lang='lat' dir='ltr'>volo,</span> <span class='ocrx_word' id='word_1_547' title='bbox 1366 5468 1467 5510; x_wconf 90' lang='lat' dir='ltr'>nec</span> <span class='ocrx_word' id='word_1_548' title='bbox 1513 5455 1641 5512; x_wconf 89' lang='lat' dir='ltr'>inde</span> <span class='ocrx_word' id='word_1_549' title='bbox 1697 5458 1862 5514; x_wconf 87' lang='lat' dir='ltr'>aliam</span> <span class='ocrx_word' id='word_1_550' title='bbox 1902 5458 2100 5518; x_wconf 84' lang='lat' dir='ltr'>habere</span> 
     </span>
    </p>
   </div>
   <div class='ocr_carea' id='block_1_79' title="bbox 510 5533 2097 5619">
    <p class='ocr_par' dir='ltr' id='par_1_79' title="bbox 510 5533 2097 5619">
     <span class='ocr_line' id='line_1_79' title="bbox 510 5533 2097 5619; baseline 0.015 -39"><span class='ocrx_word' id='word_1_551' title='bbox 510 5533 853 5601; x_wconf 85' lang='lat' dir='ltr'>potestatem,</span> <span class='ocrx_word' id='word_1_552' title='bbox 884 5545 1080 5606; x_wconf 78' lang='lat' dir='ltr'>praeter</span> <span class='ocrx_word' id='word_1_553' title='bbox 1121 5540 1398 5600; x_wconf 62' lang='lat' dir='ltr'>canonica</span> <span class='ocrx_word' id='word_1_554' title='bbox 1428 5545 1797 5619; x_wconf 84' lang='lat' dir='ltr'>institutionis</span> <span class='ocrx_word' id='word_1_555' title='bbox 1844 5549 2097 5606; x_wconf 85' lang='lat' dir='ltr'>sanctio—</span> 
     </span>
    </p>
   </div>
   <div class='ocr_carea' id='block_1_80' title="bbox 2227 4486 3794 4569">
    <p class='ocr_par' dir='ltr' id='par_1_80' title="bbox 2227 4486 3794 4569">
     <span class='ocr_line' id='line_1_80' title="bbox 2227 4486 3794 4569; baseline 0.013 -33"><span class='ocrx_word' id='word_1_556' title='bbox 2227 4499 2331 4553; x_wconf 93' lang='lat' dir='ltr'>que</span> <span class='ocrx_word' id='word_1_557' title='bbox 2347 4486 2608 4557; x_wconf 87' lang='lat' dir='ltr'>recipitis,</span> <span class='ocrx_word' id='word_1_558' title='bbox 2627 4488 2874 4547; x_wconf 83' lang='lat' dir='ltr'>decernit</span> <span class='ocrx_word' id='word_1_559' title='bbox 2892 4493 3211 4561; x_wconf 88' lang='lat' dir='ltr'>concilium,</span> <span class='ocrx_word' id='word_1_560' title='bbox 3242 4494 3505 4567; x_wconf 89' lang='lat' dir='ltr'>inquiens</span> <span class='ocrx_word' id='word_1_561' title='bbox 3532 4498 3757 4569; x_wconf 58' lang='lat' dir='ltr'>(ccidi)</span> <span class='ocrx_word' id='word_1_562' title='bbox 3784 4513 3794 4549; x_wconf 74' lang='grc' dir='ltr'><strong>ι</strong></span> 
     </span>
    </p>
   </div>
   <div class='ocr_carea' id='block_1_81' title="bbox 2241 4574 3799 4659">
    <p class='ocr_par' dir='ltr' id='par_1_81' title="bbox 2241 4574 3799 4659">
     <span class='ocr_line' id='line_1_81' title="bbox 2241 4574 3799 4659; baseline 0.012 -33"><span class='ocrx_word' id='word_1_563' title='bbox 2241 4597 2258 4617; x_wconf 84' lang='grc' dir='ltr'>ι</span> <span class='ocrx_word' id='word_1_564' title='bbox 2277 4574 2581 4647; x_wconf 90' lang='lat' dir='ltr'>Episcopus</span> <span class='ocrx_word' id='word_1_565' title='bbox 2608 4580 3099 4639; x_wconf 81' lang='lat' dir='ltr'>ecclesiasticarum</span> <span class='ocrx_word' id='word_1_566' title='bbox 3130 4600 3313 4642; x_wconf 88' lang='lat' dir='ltr'>rerum</span> <span class='ocrx_word' id='word_1_567' title='bbox 3344 4586 3545 4644; x_wconf 87' lang='lat' dir='ltr'>habeat</span> <span class='ocrx_word' id='word_1_568' title='bbox 3576 4595 3799 4659; x_wconf 72' lang='lat' dir='ltr'>potesta-</span> 
     </span>
    </p>
   </div>
   <div class='ocr_carea' id='block_1_82' title="bbox 2224 4665 3796 4748">
    <p class='ocr_par' dir='ltr' id='par_1_82' title="bbox 2224 4665 3796 4748">
     <span class='ocr_line' id='line_1_82' title="bbox 2224 4665 3796 4748; baseline 0.007 -29"><span class='ocrx_word' id='word_1_569' title='bbox 2224 4670 2354 4729; x_wconf 85' lang='lat' dir='ltr'>tem,</span> <span class='ocrx_word' id='word_1_570' title='bbox 2411 4665 2478 4720; x_wconf 89' lang='lat' dir='ltr'>ad</span> <span class='ocrx_word' id='word_1_571' title='bbox 2507 4667 2936 4739; x_wconf 87' lang='lat' dir='ltr'>dispensandum</span> <span class='ocrx_word' id='word_1_572' title='bbox 2994 4690 3119 4743; x_wconf 84' lang='lat' dir='ltr'>erga</span> <span class='ocrx_word' id='word_1_573' title='bbox 3147 4689 3339 4731; x_wconf 88' lang='lat' dir='ltr'>omnes</span> <span class='ocrx_word' id='word_1_574' title='bbox 3396 4677 3493 4748; x_wconf 91' lang='lat' dir='ltr'>qui</span> <span class='ocrx_word' id='word_1_575' title='bbox 3546 4677 3796 4748; x_wconf 83' lang='lat' dir='ltr'>indigent,</span> 
     </span>
    </p>
   </div>
   <div class='ocr_carea' id='block_1_83' title="bbox 2222 4760 3796 4823">
    <p class='ocr_par' dir='ltr' id='par_1_83' title="bbox 2222 4760 3796 4823">
     <span class='ocr_line' id='line_1_83' title="bbox 2222 4760 3796 4823; baseline 0.01 -18"><span class='ocrx_word' id='word_1_576' title='bbox 2222 4768 2345 4807; x_wconf 91' lang='lat' dir='ltr'>cum</span> <span class='ocrx_word' id='word_1_577' title='bbox 2379 4770 2594 4813; x_wconf 87' lang='lat' dir='ltr'>summa</span> <span class='ocrx_word' id='word_1_578' title='bbox 2623 4760 2931 4816; x_wconf 87' lang='lat' dir='ltr'>reverentia</span> <span class='ocrx_word' id='word_1_579' title='bbox 2959 4772 3012 4818; x_wconf 92' lang='lat' dir='ltr'>et</span> <span class='ocrx_word' id='word_1_580' title='bbox 3038 4763 3239 4819; x_wconf 85' lang='lat' dir='ltr'>timore</span> <span class='ocrx_word' id='word_1_581' title='bbox 3284 4766 3402 4820; x_wconf 88' lang='lat' dir='ltr'>Dei.</span> <span class='ocrx_word' id='word_1_582' title='bbox 3436 4790 3454 4813; x_wconf 73' lang='grc' dir='ltr'><strong><em>ι</em></strong></span> <span class='ocrx_word' id='word_1_583' title='bbox 3500 4766 3654 4823; x_wconf 87' lang='lat' dir='ltr'>Unde</span> <span class='ocrx_word' id='word_1_584' title='bbox 3678 4766 3796 4821; x_wconf 81' lang='lat' dir='ltr'>item</span> 
     </span>
    </p>
   </div>
   <div class='ocr_carea' id='block_1_84' title="bbox 2222 4839 3800 4926">
    <p class='ocr_par' dir='ltr' id='par_1_84' title="bbox 2222 4839 3800 4926">
     <span class='ocr_line' id='line_1_84' title="bbox 2222 4839 3800 4926; baseline 0.008 -31"><span class='ocrx_word' id='word_1_585' title='bbox 2222 4839 2280 4896; x_wconf 89' lang='lat' dir='ltr'>in</span> <span class='ocrx_word' id='word_1_586' title='bbox 2304 4842 2492 4898; x_wconf 89' lang='lat' dir='ltr'>eodem</span> <span class='ocrx_word' id='word_1_587' title='bbox 2522 4845 2763 4903; x_wconf 89' lang='lat' dir='ltr'>concilio</span> <span class='ocrx_word' id='word_1_588' title='bbox 2789 4850 3148 4908; x_wconf 89' lang='lat' dir='ltr'>constituitur</span> <span class='ocrx_word' id='word_1_589' title='bbox 3168 4854 3309 4923; x_wconf 84' lang='lat' dir='ltr'>(can.</span> <span class='ocrx_word' id='word_1_590' title='bbox 3337 4853 3430 4926; x_wconf 74' lang='grc'>24)</span> <span class='ocrx_word' id='word_1_591' title='bbox 3457 4874 3509 4910; x_wconf 79' lang='grc'>;‹</span> <span class='ocrx_word' id='word_1_592' title='bbox 3532 4856 3659 4923; x_wconf 71' lang='lat' dir='ltr'>Qua</span> <span class='ocrx_word' id='word_1_593' title='bbox 3684 4859 3800 4911; x_wconf 83' lang='lat' dir='ltr'>sunt</span> 
     </span>
    </p>
   </div>
   <div class='ocr_carea' id='block_1_85' title="bbox 2219 4928 3794 5008">
    <p class='ocr_par' dir='ltr' id='par_1_85' title="bbox 2219 4928 3794 5008">
     <span class='ocr_line' id='line_1_85' title="bbox 2219 4928 3794 5008; baseline 0.011 -25"><span class='ocrx_word' id='word_1_594' title='bbox 2219 4928 2477 4986; x_wconf 70' lang='lat' dir='ltr'>Ecclesiae</span> <span class='ocrx_word' id='word_1_595' title='bbox 2500 4932 2602 4989; x_wconf 88' lang='lat' dir='ltr'>sub</span> <span class='ocrx_word' id='word_1_596' title='bbox 2621 4935 2771 4990; x_wconf 92' lang='lat' dir='ltr'>omni</span> <span class='ocrx_word' id='word_1_597' title='bbox 2799 4938 3176 4997; x_wconf 90' lang='lat' dir='ltr'>sollicitudine</span> <span class='ocrx_word' id='word_1_598' title='bbox 3205 4950 3259 4997; x_wconf 88' lang='lat' dir='ltr'>et</span> <span class='ocrx_word' id='word_1_599' title='bbox 3285 4945 3629 5001; x_wconf 83' lang='lat' dir='ltr'>conscientia</span> <span class='ocrx_word' id='word_1_600' title='bbox 3644 4945 3794 5008; x_wconf 74' lang='lat' dir='ltr'>bona,</span> 
     </span>
    </p>
   </div>
   <div class='ocr_carea' id='block_1_86' title="bbox 2218 5018 3796 5097">
    <p class='ocr_par' dir='ltr' id='par_1_86' title="bbox 2218 5018 3796 5097">
     <span class='ocr_line' id='line_1_86' title="bbox 2218 5018 3796 5097; baseline 0.008 -25"><span class='ocrx_word' id='word_1_601' title='bbox 2218 5025 2272 5073; x_wconf 88' lang='lat' dir='ltr'>et</span> <span class='ocrx_word' id='word_1_602' title='bbox 2314 5018 2420 5075; x_wconf 87' lang='lat' dir='ltr'>ﬁde</span> <span class='ocrx_word' id='word_1_603' title='bbox 2450 5036 2571 5093; x_wconf 64' lang='lat' dir='ltr'>qua</span> <span class='ocrx_word' id='word_1_604' title='bbox 2618 5024 2677 5079; x_wconf 91' lang='lat' dir='ltr'>iu</span> <span class='ocrx_word' id='word_1_605' title='bbox 2702 5027 2878 5082; x_wconf 90' lang='lat' dir='ltr'>Deum</span> <span class='ocrx_word' id='word_1_606' title='bbox 2933 5038 3034 5097; x_wconf 89' lang='lat' dir='ltr'>est,</span> <span class='ocrx_word' id='word_1_607' title='bbox 3061 5047 3187 5087; x_wconf 89' lang='lat' dir='ltr'>cum</span> <span class='ocrx_word' id='word_1_608' title='bbox 3241 5041 3444 5089; x_wconf 87' lang='lat' dir='ltr'>cuncta</span> <span class='ocrx_word' id='word_1_609' title='bbox 3498 5034 3796 5092; x_wconf 83' lang='lat' dir='ltr'>considerat</span> 
     </span>
    </p>
   </div>
   <div class='ocr_carea' id='block_1_87' title="bbox 2210 5105 3794 5194">
    <p class='ocr_par' dir='ltr' id='par_1_87' title="bbox 2210 5105 3794 5194">
     <span class='ocr_line' id='line_1_87' title="bbox 2210 5105 3794 5194; baseline 0.008 -32"><span class='ocrx_word' id='word_1_610' title='bbox 2210 5105 2549 5183; x_wconf 85' lang='lat' dir='ltr'>judicatque,</span> <span class='ocrx_word' id='word_1_611' title='bbox 2580 5124 2902 5173; x_wconf 86' lang='lat' dir='ltr'>serventur:</span> <span class='ocrx_word' id='word_1_612' title='bbox 2939 5134 3059 5189; x_wconf 82' lang='lat' dir='ltr'>quae</span> <span class='ocrx_word' id='word_1_613' title='bbox 3090 5119 3255 5177; x_wconf 87' lang='lat' dir='ltr'>etiam</span> <span class='ocrx_word' id='word_1_614' title='bbox 3284 5120 3653 5194; x_wconf 83' lang='lat' dir='ltr'>dispensanda</span> <span class='ocrx_word' id='word_1_615' title='bbox 3677 5126 3794 5178; x_wconf 84' lang='lat' dir='ltr'>sunt</span> 
     </span>
    </p>
   </div>
   <div class='ocr_carea' id='block_1_88' title="bbox 2208 5194 3791 5278">
    <p class='ocr_par' dir='ltr' id='par_1_88' title="bbox 2208 5194 3791 5278">
     <span class='ocr_line' id='line_1_88' title="bbox 2208 5194 3791 5278; baseline 0.01 -27"><span class='ocrx_word' id='word_1_616' title='bbox 2208 5194 2421 5267; x_wconf 87' lang='lat' dir='ltr'>judicio</span> <span class='ocrx_word' id='word_1_617' title='bbox 2473 5210 2524 5257; x_wconf 88' lang='lat' dir='ltr'>et</span> <span class='ocrx_word' id='word_1_618' title='bbox 2554 5213 2817 5274; x_wconf 91' lang='lat' dir='ltr'>potestate</span> <span class='ocrx_word' id='word_1_619' title='bbox 2865 5208 3162 5278; x_wconf 85' lang='lat' dir='ltr'>pontiﬁcis,</span> <span class='ocrx_word' id='word_1_620' title='bbox 3215 5210 3304 5267; x_wconf 92' lang='lat' dir='ltr'>cui</span> <span class='ocrx_word' id='word_1_621' title='bbox 3351 5215 3679 5269; x_wconf 86' lang='lat' dir='ltr'>commissus</span> <span class='ocrx_word' id='word_1_622' title='bbox 3722 5216 3791 5267; x_wconf 76' lang='lat' dir='ltr'>est</span> 
     </span>
    </p>
   </div>
   <div class='ocr_carea' id='block_1_89' title="bbox 2213 5287 3790 5374">
    <p class='ocr_par' dir='ltr' id='par_1_89' title="bbox 2213 5287 3790 5374">
     <span class='ocr_line' id='line_1_89' title="bbox 2213 5287 3790 5374; baseline 0.011 -35"><span class='ocrx_word' id='word_1_623' title='bbox 2213 5287 2448 5357; x_wconf 88' lang='lat' dir='ltr'>populus</span> <span class='ocrx_word' id='word_1_624' title='bbox 2496 5298 2549 5345; x_wconf 90' lang='lat' dir='ltr'>et</span> <span class='ocrx_word' id='word_1_625' title='bbox 2589 5294 2785 5349; x_wconf 65' lang='lat' dir='ltr'>animae</span> <span class='ocrx_word' id='word_1_626' title='bbox 2830 5310 2949 5367; x_wconf 84' lang='lat' dir='ltr'>quae</span> <span class='ocrx_word' id='word_1_627' title='bbox 2978 5296 3121 5352; x_wconf 89' lang='lat' dir='ltr'>intra</span> <span class='ocrx_word' id='word_1_628' title='bbox 3158 5299 3444 5356; x_wconf 84' lang='lat' dir='ltr'>ecclesiam</span> <span class='ocrx_word' id='word_1_629' title='bbox 3477 5316 3790 5374; x_wconf 81' lang='lat' dir='ltr'>congregau-</span> 
     </span>
    </p>
   </div>
   <div class='ocr_carea' id='block_1_90' title="bbox 2210 5378 3789 5460">
    <p class='ocr_par' dir='ltr' id='par_1_90' title="bbox 2210 5378 3789 5460">
     <span class='ocr_line' id='line_1_90' title="bbox 2210 5378 3789 5460; baseline 0.011 -32"><span class='ocrx_word' id='word_1_630' title='bbox 2210 5379 2319 5430; x_wconf 88' lang='lat' dir='ltr'>tur.</span> <span class='ocrx_word' id='word_1_631' title='bbox 2356 5401 2373 5423; x_wconf 79' lang='grc' dir='ltr'>ι</span> <span class='ocrx_word' id='word_1_632' title='bbox 2417 5378 2488 5432; x_wconf 90' lang='lat' dir='ltr'>Et</span> <span class='ocrx_word' id='word_1_633' title='bbox 2517 5396 2752 5438; x_wconf 89' lang='lat' dir='ltr'>canones</span> <span class='ocrx_word' id='word_1_634' title='bbox 2780 5386 3152 5455; x_wconf 85' lang='lat' dir='ltr'>apostolorum</span> <span class='ocrx_word' id='word_1_635' title='bbox 3174 5387 3261 5443; x_wconf 90' lang='lat' dir='ltr'>his</span> <span class='ocrx_word' id='word_1_636' title='bbox 3281 5391 3507 5447; x_wconf 82' lang='lat' dir='ltr'>statutis</span> <span class='ocrx_word' id='word_1_637' title='bbox 3534 5392 3610 5448; x_wconf 82' lang='lat' dir='ltr'>ita</span> <span class='ocrx_word' id='word_1_638' title='bbox 3635 5388 3789 5460; x_wconf 81' lang='lat' dir='ltr'>conji-</span> 
     </span>
    </p>
   </div>
   <div class='ocr_carea' id='block_1_91' title="bbox 2208 5462 3786 5551">
    <p class='ocr_par' dir='ltr' id='par_1_91' title="bbox 2208 5462 3786 5551">
     <span class='ocr_line' id='line_1_91' title="bbox 2208 5462 3786 5551; baseline 0.007 -33"><span class='ocrx_word' id='word_1_639' title='bbox 2208 5462 2365 5519; x_wconf 91' lang='lat' dir='ltr'>ciunt</span> <span class='ocrx_word' id='word_1_640' title='bbox 2417 5466 2557 5536; x_wconf 84' lang='lat' dir='ltr'>(can.</span> <span class='ocrx_word' id='word_1_641' title='bbox 2592 5468 2655 5524; x_wconf 77' lang='grc'><strong>41</strong></span> <span class='ocrx_word' id='word_1_642' title='bbox 2664 5472 2720 5539; x_wconf 87' lang='grc'>);</span> <span class='ocrx_word' id='word_1_643' title='bbox 2767 5493 2784 5516; x_wconf 75' lang='grc' dir='ltr'>ι</span> <span class='ocrx_word' id='word_1_644' title='bbox 2811 5472 3167 5545; x_wconf 85' lang='lat' dir='ltr'>Praecipimus</span> <span class='ocrx_word' id='word_1_645' title='bbox 3197 5484 3261 5533; x_wconf 90' lang='lat' dir='ltr'>ut</span> <span class='ocrx_word' id='word_1_646' title='bbox 3304 5477 3363 5531; x_wconf 91' lang='lat' dir='ltr'>in</span> <span class='ocrx_word' id='word_1_647' title='bbox 3395 5486 3663 5551; x_wconf 80' lang='lat' dir='ltr'>potestate</span> <span class='ocrx_word' id='word_1_648' title='bbox 3702 5492 3786 5533; x_wconf 79' lang='lat' dir='ltr'>sua</span> 
     </span>
    </p>
   </div>
   <div class='ocr_carea' id='block_1_92' title="bbox 2205 5552 3787 5626">
    <p class='ocr_par' dir='ltr' id='par_1_92' title="bbox 2205 5552 3787 5626">
     <span class='ocr_line' id='line_1_92' title="bbox 2205 5552 3787 5626; baseline 0.012 -20"><span class='ocrx_word' id='word_1_649' title='bbox 2205 5552 2491 5626; x_wconf 87' lang='lat' dir='ltr'>episcopus</span> <span class='ocrx_word' id='word_1_650' title='bbox 2538 5558 2780 5616; x_wconf 86' lang='lat' dir='ltr'>ecclesiae</span> <span class='ocrx_word' id='word_1_651' title='bbox 2839 5577 2925 5618; x_wconf 89' lang='lat' dir='ltr'>res</span> <span class='ocrx_word' id='word_1_652' title='bbox 2973 5561 3188 5623; x_wconf 85' lang='lat' dir='ltr'>habeat.</span> <span class='ocrx_word' id='word_1_653' title='bbox 3224 5590 3245 5614; x_wconf 72' lang='grc' dir='ltr'>ι</span> <span class='ocrx_word' id='word_1_654' title='bbox 3302 5565 3360 5622; x_wconf 80' lang='lat' dir='ltr'>Si</span> <span class='ocrx_word' id='word_1_655' title='bbox 3398 5567 3553 5623; x_wconf 76' lang='lat' dir='ltr'>enim</span> <span class='ocrx_word' id='word_1_656' title='bbox 3600 5567 3787 5623; x_wconf 67' lang='lat' dir='ltr'>animo</span> 
     </span>
    </p>
   </div>
  </div>
