4056 6190
235 194 377 253 1029

1424 189 1788 251 OPUSCULA
1824 192 1916 249 ET
1954 192 2343 251 EPISTOLE.

228 347 531 405 hominum
563 344 814 415 pretiosa:
843 345 928 401 illi
979 352 1109 403 sunt
1158 345 1403 414 creditas,
1436 346 1613 401 multo
1658 346 1832 417 magis
1865 351 1914 411 Α
1944 361 2077 402 suus
2094 361 2157 401 ac
2183 352 2365 403 vester
2396 346 2594 404 missus
2623 344 2681 401 in
2720 347 2901 419 ipsum
2924 365 3123 421 pagum
3173 352 3342 422 irent,
3376 361 3432 411 et
3472 372 3544 415 sx

228 443 450 511 oportet
486 448 611 488 eum
635 447 822 489 curam
855 435 1212 506 pecuniarum
1242 450 1446 507 gerere,
1480 435 1557 489 ita
1585 442 1647 490 ut
1688 442 1835 506 pote~

230 533 371 582 state
399 522 522 595 ejus
551 521 928 592 indigentibus
955 523 1144 579 omnia
1169 525 1561 596 dispensentur
1589 541 1685 595 per
1718 540 1835 595 pre-

228 616 488 687 sbyteros
514 619 569 667 et
600 612 883 681 diaconos,
911 624 964 670 et
991 631 1115 671 cum
1150 614 1350 670 timore
1384 617 1647 688 omnique
1672 616 1836 671 solli-

226 704 447 770 tudine,
480 701 890 758 ministrentur.
916 703 1018 759 Sed
1044 712 1098 760 et
1124 703 1382 759 mandavi
1415 721 1511 776 per
1543 705 1832 778 praefatum

227 792 410 864 vobis,
443 789 593 863 quod
622 790 764 846 forte
792 791 1000 849 oblitus
1028 793 1136 848 fuit
1172 794 1340 849 etiam
1395 794 1519 863 ista,
1570 796 1830 867 quoniam

227 890 478 953 tempore
501 879 601 935 illo
631 896 741 952 quo
767 881 1004 937 domnus
1030 900 1128 939 rex
1154 900 1185 939 a
1227 899 1395 956 regno
1454 883 1560 939 hoc
1609 885 1833 941 recessit

227 984 328 1041 pro
355 984 455 1023 sua
484 969 975 1038 necessitate,mihi
999 971 1410 1029 commendavit
1428 970 1681 1028 homines
1698 973 1833 1043 plu-

228 1076 317 1115 res
344 1064 648 1129 acceptare,
677 1074 843 1131 quam
874 1059 979 1115 loci
1008 1061 1113 1115 mei
1144 1062 1428 1132 quantitas
1458 1061 1632 1133 possit
1669 1061 1833 1117 susti-

229 1164 380 1215 nere,
401 1147 683 1219 spondens
714 1157 849 1204 tunc
876 1165 932 1203 se
962 1149 1101 1204 mihi
1150 1152 1406 1207 daturum
1454 1152 1604 1207 unde
1633 1167 1726 1207 eos
1770 1150 1830 1205 in

227 1237 504 1309 reliquum
529 1251 743 1307 possem
775 1235 1081 1307 deportare.
1121 1238 1236 1295 Nec
1274 1240 1440 1295 modo
1476 1239 1654 1294 habeo
1683 1238 1828 1294 unde

229 1325 306 1380 eis
357 1323 715 1389 sufficientia,
743 1323 859 1379 imo
909 1341 1011 1381 nec
1068 1325 1426 1381 subsistentia
1480 1326 1741 1395 tribuam,
1776 1337 1829 1384 et

230 1412 368 1468 mihi
418 1413 489 1468 ad
518 1412 744 1468 servitia
789 1429 887 1468 sua
919 1418 1223 1488 peragenda
1252 1417 1554 1472 necessaria
1610 1434 1828 1490 praepa-

228 1517 376 1568 rem;
415 1509 468 1557 et
499 1502 607 1557 nisi
633 1500 771 1556 mihi
805 1502 1023 1559 licuerit
1050 1505 1303 1561 ordinem
1361 1505 1596 1577 qualiter
1639 1506 1827 1561 vivere

226 1592 453 1665 possim,
483 1592 631 1647 unde
652 1591 853 1647 itinera
903 1600 1015 1648 tam
1044 1594 1233 1649 crebra
1279 1610 1531 1666 peragere
1590 1599 1825 1665 valeam,

225 1699 339 1738 non
360 1698 581 1754 possum
614 1681 699 1737 illi
734 1684 1035 1754 temporale
1074 1683 1301 1740 reddere
1353 1685 1665 1754 servitium,
1725 1701 1827 1741 nec

226 1773 433 1839 locum,
463 1770 850 1843 cuiindignus
881 1772 1167 1843 praesideo,
1191 1773 1338 1829 unde
1362 1775 1649 1830 continere
1677 1791 1825 1846 pra)-

225 1862 442 1917 valeam
494 1858 686 1916 habeo.
741 1860 888 1926 Quin
950 1871 1005 1917 et
1058 1879 1161 1930 res,
1194 1879 1312 1935 quae
1343 1871 1397 1919 et
1442 1872 1551 1919 tam
1607 1864 1743 1918 mihi
1774 1872 1828 1920 et

223 1952 443 2008 clericis
471 1950 608 2006 meis
636 1949 909 2021 stipendia
944 1951 1325 2019 conferebant,
1374 1968 1437 2008 ac
1486 1952 1827 2007 antecessori

224 2056 371 2109 meo,
393 2055 425 2094 a
454 2055 540 2094 me
569 2038 919 2106 auferuntur,
952 2047 1006 2094 et
1051 2039 1101 2094 ei
1131 2046 1395 2112 potestate
1426 2040 1574 2111 regia
1602 2040 1825 2107 dantur,

223 2129 323 2201 qui
355 2143 457 2183 nec
483 2144 655 2183 unum
692 2144 942 2183 mansum
968 2128 1037 2183 ab
1064 2138 1404 2185 antecessore
1433 2145 1558 2184 meo
1599 2128 1666 2183 de
1708 2128 1828 2200 ipso

221 2216 544 2289 episcopatu
592 2218 842 2273 obtinere
892 2219 1092 2290 potuit.
1152 2218 1428 2284 Qraeterea
1477 2227 1531 2275 et
1589 2234 1676 2273 res
1705 2234 1827 2289 quae

222 2307 526 2363 luminaria
578 2307 823 2363 ecclesiae
878 2307 1271 2364 ministrabant
1303 2308 1353 2363 ei
1408 2308 1631 2371 dantur,
1664 2324 1826 2380 quem

219 2414 405 2471 neque
437 2414 533 2471 per
559 2405 670 2453 tres
711 2415 883 2454 annos
912 2399 981 2454 ad
1034 2415 1121 2454 me
1169 2407 1230 2454 ut
1262 2399 1482 2454 veniret
1531 2399 1829 2471 impetrare

221 2493 406 2566 quivi,
437 2491 725 2547 dimittens
745 2507 865 2563 quae
892 2492 1055 2547 etiam
1076 2493 1131 2547 in
1149 2492 1557 2548 constructione
1585 2492 1829 2547 ecclesiae

223 2580 449 2652 operari
482 2578 694 2646 debuit,
744 2587 798 2634 et
834 2580 1047 2636 easdem
1098 2596 1184 2637 res
1210 2598 1344 2655 quas
1374 2586 1522 2636 tenet
1550 2597 1677 2636 cum
1712 2580 1853 2651 ipsa'

217 2671 460 2727 ecclesia
490 2687 610 2743 quae
663 2670 720 2725 in
778 2670 911 2741 ipsis
958 2671 1346 2726 continebatur
1370 2669 1675 2725 destruens.
1711 2667 1827 2722 Alii

217 2774 445 2832 quoque
500 2760 648 2831 regis
695 2765 961 2831 potestate
998 2758 1220 2815 dantur.
1255 2760 1348 2831 qui
1407 2774 1532 2815 ecce
1567 2774 1663 2829 per
1711 2773 1830 2811 un-

213 2848 404 2905 decim
432 2864 604 2904 annos
626 2848 734 2905 huc
764 2849 1005 2921 illucque
1055 2863 1154 2919 pro
1201 2865 1301 2903 suo
1345 2848 1509 2903 libitu
1542 2845 1821 2901 deambu-

137 2974 145 2979 -
215 2937 348 2992 lans
378 2937 446 2992 ad
478 2954 564 2992 me
593 2953 693 2993 nec
722 2938 887 2993 semel
938 2938 1127 2993 venire
1179 2937 1437 3007 dignatus
1486 2943 1587 3003 est,
1647 2934 1742 2990 sed
1775 2943 1830 2991 et

211 3025 347 3081 ﬁlio
367 3041 487 3092 suo,
529 3027 622 3096 qui
654 3041 753 3097 pro
783 3026 881 3080 illo
927 3024 1134 3080 servire
1164 3024 1303 3079 mihi
1355 3023 1570 3092 debuit,
1615 3024 1829 3079 nullam

1946 434 2033 489 his
2062 435 2140 489 rei
2168 436 2462 492 veritatem
2495 437 2911 508 investigarent,
2942 446 2997 493 et
3047 439 3320 510 quidquid
3350 444 3543 517 inven-

1943 530 2063 579 tum
2094 524 2307 593 fuisset,
2340 526 2485 597 quod
2517 543 2583 581 ex
2615 526 2818 583 eisdem
2845 526 3009 583 rebus
3041 525 3188 597 juste
3218 536 3272 585 et
3292 531 3544 588 rationa-

1942 613 2132 670 biliter
2159 616 2228 671 ad
2262 616 2678 671 Laudunensem
2710 618 3013 674 Ecclesiam
3074 620 3393 689 pertineret,
3433 638 3545 679 non

1943 705 2121 760 solum
2152 721 2261 761 non
2311 706 2629 774 discuteret,
2674 723 2867 764 verum
2923 716 2978 766 et
3014 709 3252 767 libenter
3298 726 3388 766 eas
3438 710 3545 782 ipsi

1941 793 2201 850 Ecclesiae
2226 796 2522 851 concedere
2551 796 2756 862 vellet;
2788 805 2842 852 et
2877 814 2976 868 ego
3004 816 3073 854 ex
3110 800 3197 856 his
3229 807 3364 855 tunc
3391 799 3538 859 nihil

1940 883 2275 940 contradixi.
2302 887 2344 939 A
2384 885 2494 940 ﬁne
2528 886 2857 957 respondere
2896 886 3231 956 incipio.Ex
3252 887 3378 944 istis
3397 888 3543 948 nihil

1939 973 2410 1046 contradixi,quia
2426 974 2569 1030 nihil
2586 974 2645 1030 in
2662 976 2809 1031 hunc
2828 975 3053 1032 modum
3071 992 3139 1031 ex
3163 975 3299 1047 ipsis
3321 977 3537 1035 audivi.

1938 1063 2095 1117 Dixit
2123 1064 2345 1136 quidem
2378 1081 2497 1132 rex,
2522 1065 2654 1120 dum
2685 1066 2753 1121 de
2774 1066 3086 1136 receptione
3113 1063 3362 1136 ejusdem
3395 1065 3546 1125 villa

1937 1161 2208 1222 ageretur,
2240 1155 2387 1225 quod
2417 1154 2525 1210 alia
2555 1156 2699 1212 sicut
2719 1157 3095 1212 Nortmannus
3124 1156 3341 1212 dicebat
3357 1172 3546 1228 super-

1938 1243 2301 1311 prendissem,
2351 1260 2471 1316 quae
2526 1245 2582 1299 in
2636 1262 2757 1300 meo
2788 1261 2898 1299 non
2927 1244 3357 1301 continebantur
3404 1262 3536 1317 prmo

1937 1343 2118 1404 cepto,
2141 1342 2194 1390 et
2223 1352 2321 1406 ego
2351 1336 2629 1406 respondi,
2662 1335 2810 1408 quod
2856 1337 3172 1392 nullatenus
3219 1335 3324 1392 hoc
3378 1335 3537 1393 fecis-

1938 1439 2073 1489 sem,
2109 1423 2216 1479 nisi
2240 1424 2385 1496 quod
2439 1424 2505 1479 ad
2537 1425 2779 1480 eamdem
2842 1425 3031 1480 villam
3088 1424 3413 1496 pertinebat,
3448 1433 3544 1484 aut

1938 1509 2163 1566 denomi
2202 1521 2392 1567 natum
2419 1512 2473 1567 in
2497 1530 2622 1567 meo
2651 1513 3039 1569 continebatur
3071 1522 3370 1585 praecepto:
3414 1521 3468 1570 et
3494 1512 3543 1571 si

1933 1597 2017 1652 illi
2049 1601 2305 1669 placeret,
2342 1602 2521 1672 ipsum
2554 1611 2883 1673 praeceptum
2915 1609 3097 1674 posset
3120 1602 3407 1658 videre.Et
3429 1600 3545 1674 ipso

1858 1712 1904 1771 B
1933 1688 2217 1758 respondit
2247 1690 2455 1745 bonum
2481 1706 2596 1745 esse
2626 1699 2687 1746 ut
2732 1691 2915 1763 ipsum
2945 1700 3276 1763 praeceptum
3306 1691 3538 1748 videret.

1939 1777 2007 1830 Et
2037 1784 2158 1846 post
2189 1777 2293 1833 hoc
2312 1778 2419 1833 alia
2450 1787 2611 1850 atque
2637 1780 2744 1834 alia
2760 1780 3085 1851 interposita
3101 1780 3349 1849 fuerunt,
3370 1796 3543 1854 usque

1936 1862 2066 1919 dum
2100 1865 2167 1920 ad
2198 1865 2305 1922 hoc
2342 1875 2669 1939 perventum
2698 1875 2799 1935 cst,
2830 1875 2891 1923 ut
2920 1867 3127 1923 diceret
3157 1886 3214 1925 se
3249 1868 3390 1925 mihi
3411 1885 3541 1929 con-

1936 1958 2127 2015 cedere
2157 1962 2402 2017 eamdem
2434 1964 2647 2019 villam.
2682 1972 2737 2018 et
2766 1964 3039 2036 quidquid
3058 1965 3116 2018 in
3138 1981 3260 2020 meo
3289 1966 3541 2021 contine-

1939 2045 2106 2101 batur
2155 2057 2448 2120 praecepto.
2510 2060 2709 2122 peaater
2742 2052 2838 2106 illa
2887 2053 3133 2124 quinque
3182 2069 3389 2109 mansa.
3420 2070 3543 2126 quas

1940 2135 2243 2207 Ansgarius
2274 2137 2439 2194 homo
2459 2155 2590 2195 suus
2621 2140 2921 2197 retinebat:
2943 2140 3010 2196 de
3040 2141 3155 2197 illis
3175 2149 3358 2196 autem
3392 2142 3543 2199 vole-

1936 2222 2051 2289 bat,
2087 2230 2145 2277 ut
2176 2224 2233 2279 id
2265 2224 2445 2295 ipsum
2468 2229 2696 2282 verbum
2713 2244 2933 2298 ponam,
2959 2237 3020 2283 ut
3043 2229 3124 2284 sic
3143 2237 3351 2285 starent
3367 2248 3540 2303 usque

1938 2312 2069 2367 dum
2103 2329 2198 2385 per
2226 2313 2423 2370 missos
2452 2333 2579 2371 suos
2609 2334 2733 2372 cum
2790 2325 2971 2375 vestro
3003 2326 3058 2373 et
3115 2336 3237 2375 meo
3300 2318 3430 2375 inde
3459 2319 3540 2375 rei

1943 2401 2233 2456 veritatem
2286 2402 2613 2474 inquireret,
2645 2415 2698 2461 et
2748 2407 2795 2461 si
2828 2407 2992 2461 etiam
3025 2415 3208 2477 posset
3267 2408 3538 2474 invenire,

1942 2491 2091 2562 quod
2120 2490 2187 2545 ad
2221 2491 2411 2546 villam
2462 2492 2778 2548 Pauliacum
2816 2493 2963 2565 juste
3003 2493 3361 2564 pertinerent,
3396 2490 3537 2549 mihi

1941 2572 2312 2649 perredderet.
2339 2580 2480 2636 Illud
2503 2588 2684 2637 autem
2707 2588 3062 2654 praeceptum,
3095 2581 3341 2654 quandiu
3354 2588 3539 2652 postea

1938 2667 1998 2721 in
2030 2668 2314 2725 Attiniaco
2352 2669 2456 2735 fui,
2505 2687 2535 2725 a
2565 2688 2651 2726 me
2696 2687 2810 2727 non
2856 2670 3167 2743 requisivit,
3204 2686 3376 2743 usque
3405 2669 3539 2729 dum

1944 2756 2258 2814 Flotharius
2279 2758 2494 2815 easdem
2530 2776 2618 2816 res
2658 2760 2874 2816 homini
2902 2761 3232 2816 Nortmanni
3284 2759 3541 2817 recensi-

1939 2850 2148 2919 gnavit.
2183 2850 2341 2917 Quod
2372 2859 2703 2924 praeceptum
2736 2853 3025 2909 Berthario
3054 2852 3223 2909 misso
3253 2869 3374 2909 meo
3393 2853 3541 2909 defeo

1940 2949 2093 2996 rente
2122 2959 2219 3014 per
2249 2959 2444 2998 manus
2484 2942 2747 2999 Harduici
2788 2943 3190 3016 archiepiscopi
3220 2959 3317 2999 rex
3374 2942 3536 3000 vobis

1942 3032 2302 3102 praesentibus
2354 3040 2541 3104 postea
2604 3034 2660 3089 in
2693 3032 2884 3088 eodem
2943 3033 3224 3089 Attinlaco
3252 3032 3430 3088 vidit:
3482 3038 3541 3089 st

211 3092 682 3170 sustentationem
718 3114 848 3169 fecit
872 3132 885 3170 :
909 3114 1056 3169 unde
1094 3120 1147 3169 el
1177 3113 1311 3185 ipse,
1337 3113 1468 3184 Quia
1502 3129 1615 3168 non
1648 3112 1828 3167 habe—
1860 3092 1903 3152 C'
1942 3092 2135 3174 eadem
2168 3122 2287 3177 loca
2315 3092 2622 3177 distinctim
2655 3121 2831 3192 posita
2851 3122 2910 3176 in
2931 3121 3120 3176 eodem
3152 3128 3424 3193 praecepto
3444 3128 3540 3176 aut

208 3208 356 3264 bam
388 3213 451 3263 ut
477 3208 527 3262 ei
558 3207 709 3262 aliud
738 3206 1067 3262 beneﬁcium
1118 3206 1326 3273 darem,
1360 3223 1391 3261 a
1441 3222 1526 3261 me
1581 3205 1822 3261 recessit.

207 3296 386 3352 Tales
413 3295 584 3367 igitur
606 3297 815 3351 nullam
845 3295 981 3351 mihi
1004 3302 1098 3350 aut
1124 3296 1506 3352 ecclesiaemeae
1525 3295 1825 3349 utilitatem

207 3384 592 3455 conferentes,
640 3386 735 3442 sed
768 3386 953 3456 potius
982 3385 1317 3440 detrimenta
1364 3383 1687 3451 inferentes,
1715 3399 1830 3438 mo-

205 3482 392 3531 nente
421 3476 705 3548 propheta,
747 3474 1010 3539 avellens,
1048 3473 1355 3541 destruens,
1397 3472 1720 3542 disperdens
1774 3479 1830 3526 et

205 3563 501 3636 dissipans
557 3566 693 3636 (Jer.
750 3579 792 3627 1,
843 3562 955 3629 10),
996 3561 1063 3616 ab
1111 3570 1298 3616 extera
1357 3568 1621 3633 potestate
1668 3575 1832 3632 super

213 3654 609 3712 ecclesiastica
644 3649 1009 3721 dispositione
1037 3649 1379 3706 aediﬁcantur
1408 3659 1462 3706 et
1491 3650 1826 3721 plantantur.

202 3743 387 3813 Quod
410 3750 592 3797 autem
624 3738 761 3795 mihi
801 3738 1160 3811 rescripsistis
1189 3738 1256 3795 de
1287 3740 1495 3795 rebusa
1523 3755 1611 3795 me
1630 3739 1830 3795 ablatis

204 3830 576 3905 respondisse
605 3827 764 3884 vobis
792 3844 995 3900 regem,
1029 3828 1176 3900 quod
1204 3838 1423 3900 putaret
1480 3829 1620 3884 mihi
1671 3845 1832 3902 posse

204 3922 475 3981 sufﬁcere
503 3918 651 3992 quod
718 3918 849 3973 hinc
898 3917 1012 3989 jam
1044 3934 1226 3973 coram
1277 3919 1549 3989 episcopis
1592 3919 1832 3990 benigno

209 4010 417 4068 animo
431 4014 485 4065 et
503 4008 839 4064 allocutione
856 4005 1070 4079 placida
1088 4005 1228 4061 mihi
1246 4007 1304 4061 in
1324 4006 1608 4063 Attiniaco
1627 4008 1832 4079 palatio

214 4097 399 4162 dixit,
428 4095 687 4152 videlicet
715 4095 975 4168 quoniam
1004 4093 1073 4149 ad
1102 4094 1262 4148 illum
1286 4093 1566 4165 pervenit,
1596 4109 1684 4149 me
1712 4110 1830 4149 am-

219 4186 383 4261 plius
407 4184 817 4257 praesumpsisse
855 4184 922 4240 de
951 4184 1136 4253 rebus,
1167 4183 1234 4240 de
1267 4183 1471 4257 quibus
1502 4198 1651 4240 nunc
1681 4198 1832 4238 mana

220 4274 385 4342 davi,
406 4274 538 4346 quia
566 4272 881 4329 Flotharius
910 4273 1112 4328 missus
1141 4272 1260 4344 ejus
1290 4274 1611 4329 Normanno
1653 4271 1831 4327 consi-

221 4363 501 4438 gnaverit,
527 4376 691 4434 quam
724 4361 963 4417 ecclesia:
995 4361 1131 4416 mihi
1164 4360 1471 4417 commissae
1502 4360 1827 4429 debeantur,

1940 3207 2186 3275 vidistis,
2219 3215 2313 3263 aut
2340 3208 2598 3278 Ansigiso
2625 3209 2900 3279 relegente
2927 3207 3160 3263 audistis
3184 3226 3195 3262 :
3247 3222 3369 3278 quas
3399 3207 3539 3261 Flea-

1937 3297 2172 3365 tharius,
2206 3297 2349 3354 sicut
2377 3298 2632 3371 praedixi,
2658 3298 2875 3353 homini
2903 3297 3229 3353 Nortmanni
3250 3298 3537 3369 consigna-

1938 3387 2041 3455 vit,
2084 3394 2137 3442 et
2175 3386 2351 3442 eidem
2395 3385 2702 3453 Berthario,
2753 3394 2814 3441 ut
2858 3385 2997 3440 mihi
3039 3384 3398 3452 renuntiavit,
3438 3400 3539 3441 rex

1938 3474 2103 3542 dixit,
2136 3474 2282 3546 quod
2315 3474 2629 3530 misdictum
2665 3474 2747 3529 illi
2778 3473 2977 3540 fuerat,
3009 3480 3063 3529 et
3093 3472 3307 3528 easdem
3339 3488 3426 3528 res
3468 3472 3537 3528 ab

1938 3563 2184 3620 Ecclesia
2208 3562 2559 3618 Laudunensi
2600 3561 2904 3618 distrahere
2948 3561 3178 3617 nolebat
3208 3578 3221 3628 ;
3252 3561 3347 3632 qui
3375 3575 3537 3617 suum

1940 3652 2289 3709 deosculatus
2318 3660 2398 3708 est
2427 3652 2642 3725 pedem.
2677 3652 2850 3708 Vobis
2881 3661 3065 3708 autem
3100 3651 3384 3723 paulisper
3410 3666 3538 3707 cum

1939 3756 2062 3813 rege
2092 3741 2514 3796 consiliantibus
2542 3741 2782 3797 redditio
2811 3739 2987 3796 dilata
3009 3746 3111 3795 est.
3144 3740 3225 3797 De
3263 3753 3330 3796 eo
3352 3745 3538 3795 autem
3603 3744 3607 3749 '

1940 3829 2088 3903 quod
2108 3846 2178 3885 ex
2205 3830 2365 3887 vobis
2394 3830 2532 3885 mihi
2561 3829 2858 3903 scripsistis
2886 3830 2983 3898 ita,
3015 3829 3157 3885 sicut
3200 3837 3254 3883 et
3295 3829 3539 3885 munitae

1941 3921 2179 3976 stissime
2222 3921 2444 3989 claruit,
2490 3921 2559 3977 de
2604 3919 2694 3975 his
2731 3936 2865 3993 quas
2906 3927 3099 3976 contra
3164 3917 3433 3974 rationem
3486 3924 3541 3975 et

1936 4010 2210 4083 justitiam
2235 4012 2532 4082 illegaliter
2550 4028 2614 4068 ac
2634 4012 3013 4083 irregulariter
3036 4026 3127 4067 eas
3150 4009 3536 4081 usurpaverim

1942 4100 2073 4171 quia
2118 4100 2175 4154 in
2235 4100 2424 4154 eodem
2467 4109 2739 4169 prmcepto
2770 4103 3115 4167 continetur,
3146 4099 3293 4171 quod
3348 4098 3542 4156 villam

1940 4188 2257 4243 Pauliacum
2289 4187 2347 4241 in
2396 4187 2609 4256 integro
2640 4187 2778 4241 mihi
2816 4188 2964 4257 regia
2993 4187 3306 4242 restitueret
3342 4197 3543 4244 aucto-

1942 4279 2098 4345 ritas,
2140 4285 2193 4333 et
2248 4278 2487 4352 qualiter
2518 4278 2635 4349 ipsa
2682 4290 2869 4331 mansa
2922 4274 2991 4330 ad
3049 4274 3299 4329 eamdem
3344 4275 3539 4332 villam

1940 4363 2258 4421 Pauliacum
2282 4364 2432 4436 juste
2462 4371 2515 4419 et
2546 4361 2950 4418 rationabiliter
2977 4359 3310 4433 pertineant,
3348 4366 3403 4414 et
3425 4358 3541 4429 jam

221 4460 283 4510 et
310 4451 548 4524 amplius
593 4466 757 4522 quam
789 4450 847 4505 in
878 4457 1150 4521 praecepto
1181 4449 1508 4517 habeantur,
1542 4467 1637 4521 per
1681 4449 1828 4522 quod
1855 4454 1904 4514 D
1940 4470 2038 4526 per
2062 4453 2346 4526 sexaginta
2374 4469 2548 4509 annos
2576 4460 2631 4507 et
2659 4468 2723 4507 eo
2753 4449 2991 4521 amplius
3041 4446 3432 4503 certitudinem
3461 4446 3542 4502 rei

222 4541 373 4599 mihi
396 4558 479 4597 res
508 4558 540 4596 a
578 4542 742 4613 longo
776 4549 1020 4612 tempore
1070 4539 1137 4594 ab
1166 4540 1415 4596 Ecclesia
1460 4542 1768 4596 Laudunen
1787 4540 1832 4597 si

224 4632 541 4688 subtractas
570 4629 833 4698 restituit,
856 4629 941 4684 vel
966 4629 1134 4700 gratis
1154 4645 1287 4685 meae
1312 4630 1565 4702 petitioni
1585 4646 1833 4686 annuens

222 4720 404 4788 dedit,
427 4721 570 4776 sicut
599 4728 652 4775 et
702 4717 1149 4774 manifestissime
1202 4719 1406 4775 claruit
1446 4718 1514 4775 de
1552 4718 1641 4775 his
1700 4735 1833 4791 quas

223 4818 423 4867 contra
474 4808 746 4864 rationem
776 4807 844 4864 ad
886 4807 1158 4878 justitiam
1185 4808 1476 4881 illegaliter
1516 4816 1678 4883 atque
1701 4809 1829 4864 irre~

224 4900 493 4974 gulariter
514 4899 924 4971 usurpavi,qum
947 4899 1004 4954 in
1030 4906 1301 4972 praecepto
1317 4916 1428 4955 non
1449 4900 1827 4970 continentur,

224 4996 281 5045 et
302 4989 451 5062 juste
488 4997 651 5064 atque
682 4989 1086 5045 rationabiliter
1120 4989 1423 5044 secundum
1455 4991 1627 5061 legem
1660 4991 1830 5046 homo

224 5095 361 5136 suus
392 5078 811 5152 reconquisivit.
839 5079 1128 5150 Propterea
1158 5077 1283 5134 illas
1313 5094 1418 5145 res,
1450 5078 1712 5134 videlicet
1727 5079 1829 5134 vil-

226 5169 337 5224 lam
369 5168 709 5236 Pauliacum,
741 5184 861 5243 quae
911 5183 943 5223 a
987 5168 1150 5239 longo
1177 5175 1423 5240 tempore
1484 5168 1552 5222 ab
1582 5168 1829 5225 Ecclesia

226 5258 579 5317 Laudunensi
604 5259 893 5316 subtracta;
924 5258 1161 5327 fuerant,
1184 5258 1581 5331 pr-«esentaliter
1608 5256 1833 5329 recipe-

224 5364 366 5416 rem,
395 5356 449 5404 et
489 5348 613 5404 illas
648 5346 807 5417 alias,
863 5346 928 5403 de
983 5346 1183 5420 quibus
1233 5345 1301 5402 ad
1335 5362 1460 5402 eum
1510 5345 1827 5403 reclamatio

224 5440 403 5508 venit,
437 5440 661 5497 interim
691 5455 804 5495 non
833 5437 1154 5511 reciperem,
1186 5438 1281 5495 sed
1312 5445 1529 5495 tantum
1557 5436 1685 5493 inde
1725 5453 1825 5493 ex-

225 5536 551 5602 spectarem,
584 5529 761 5586 donec
806 5529 948 5585 illud
994 5534 1328 5601 praeceptum
1360 5535 1728 5600 apportarem,
1774 5534 1829 5583 et

1943 4542 2116 4599 habeo
2142 4560 2154 4610 ;
2190 4550 2244 4597 et
2270 4541 2394 4597 ideo
2425 4540 2671 4612 legaliter
2699 4547 2754 4595 et
2779 4537 3106 4609 regulariter
3140 4544 3227 4592 eat
3267 4551 3395 4591 cum
3425 4551 3543 4593 ca)-

1941 4631 2075 4686 teris
2129 4629 2336 4685 mansis
2380 4628 2448 4684 ad
2480 4627 2797 4683 Pauliacum
2846 4622 3256 4697 pertinentibus
3303 4638 3399 4694 per
3444 4635 3544 4681 sex

1942 4735 2156 4775 menses
2184 4718 2421 4792 possedi,
2454 4716 2630 4773 donec
2658 4715 2805 4775 idem
2852 4712 3156 4786 Ansgarius
3191 4711 3341 4785 regis
3378 4717 3543 4783 pote-

1940 4817 2081 4866 state
2120 4809 2264 4882 ipsas
2308 4808 2573 4876 obtinuit,
2622 4822 2735 4863 non
2772 4805 3042 4862 advocato
3096 4820 3220 4860 meo
3276 4803 3347 4861 ad
3391 4800 3541 4859 mal-

1940 4899 2078 4968 lum,
2102 4906 2163 4954 ut
2196 4899 2430 4971 publica)
2461 4914 2518 4953 se
2574 4896 2779 4953 habent
2836 4895 3002 4968 leges,
3048 4912 3147 4968 pro
3196 4895 3360 4951 rebus
3410 4889 3543 4961 ipsis

1939 4990 2210 5047 mannito.
2271 4991 2390 5045 Imo
2444 4988 2632 5056 etiam,
2692 5002 2829 5042 cum
2890 4987 2950 5042 in
2994 4985 3200 5058 palatio
3244 4983 3315 5040 ad
3357 4993 3543 5036 causas

1939 5094 2039 5149 pro
2093 5079 2229 5149 ipsis
2314 5078 2531 5133 bannus
2580 5093 2612 5133 a
2674 5092 2799 5132 meo
2872 5075 3110 5147 quodam
3178 5070 3544 5143 requirentur

1939 5166 2184 5234 homine,
2245 5168 2340 5239 qui
2394 5166 2525 5222 inde
2598 5166 2815 5221 nullum
2864 5161 3236 5218 ministerium
3286 5157 3540 5223 habebat,

1938 5256 2047 5312 nisi
2079 5255 2209 5328 quia
2234 5252 2622 5310 tantummodo
2665 5252 2733 5308 ad
2762 5256 3086 5324 potestatem
3117 5256 3319 5305 sanctae
3359 5247 3544 5304 Mari-

1937 5363 2027 5404 eas
2056 5362 2145 5400 me
2179 5344 2413 5416 jubente
2443 5350 2825 5411 revocaverat,
2850 5349 2912 5398 ut
2940 5340 3124 5398 elateri
3154 5339 3262 5395 mei
3293 5338 3544 5397 homines

1938 5442 2179 5505 caeteras,
2232 5442 2287 5490 et
2345 5448 2449 5505 pro
2493 5449 2559 5489 eo
2603 5432 2753 5504 quod
2800 5432 2861 5487 in
2918 5432 3017 5488 illa
3042 5446 3233 5487 mansa
3285 5430 3541 5486 intrave-

1935 5534 2040 5598 rat,
2062 5534 2125 5583 ut
2152 5525 2397 5582 bannum
2461 5521 2782 5579 rewadiaret
2851 5522 3310 5594 interpellsrstur,
3364 5520 3544 5578 astitit

3408 199 3548 262 1030
3612 218 3615 229 '
