4078 6182
540 209 675 269 1031

1578 192 1923 249 HINCMARI
1964 189 2445 247 LUGDUNENSIS
2484 188 2804 247 EPISCOPI

3700 193 3834 250 £032

540 377 694 416 meus
713 373 811 431 pro
840 355 931 411 his
966 352 1129 408 rebus
1166 348 1587 419 advocatus,qui
1618 348 1790 417 legem
1821 344 1927 401 sibi
1952 344 2020 400 de
2049 344 2140 400 his
2167 353 2218 411 Α
2249 346 2356 401 mei
2389 346 2483 401 alii
2514 346 2768 401 homines
2796 351 3081 411 venerant,
3130 344 3245 415 ipse
3286 352 3532 411 venerat,
3566 343 3837 415 justitiam
3878 390 3885 401 .

540 446 821 504 observari
856 440 1246 516 proclamavit:
1282 438 1540 493 videlicet
1562 437 1691 509 quia
1717 436 1785 491 ad
1817 441 2139 507 potestatem

540 544 739 595 sancta:
767 534 949 590 Mariae
991 527 1371 585 Laudunensis
1388 524 1648 581 Ecclesiae
1681 523 2041 595 pertinerent,
2083 529 2139 576 et

540 627 653 695 ipse
684 640 781 695 pro
811 622 899 677 his
921 620 1085 676 rebus
1112 616 1411 673 advocatus
1431 622 1566 681 erat,
1595 620 1648 667 et
1677 612 1805 667 inde
1833 611 2136 666 secundum

541 719 710 788 legem
760 714 1029 770 rationem
1079 709 1305 764 reddere
1334 702 1667 772 vellet.'Qui
1720 721 1852 759 mox
1878 702 2139 773 expulsus

539 812 639 871 est,
672 810 726 858 et
764 817 888 857 cum
916 799 1069 854 omni
1115 795 1382 852 violentia
1437 801 1733 866 coegerunt
1765 792 1922 847 illum
1958 805 2139 845 meum

539 893 708 948 alium
738 890 1043 954 hominem,
1078 886 1143 940 ad
1176 901 1336 956 quem
1370 884 1496 939 inde
1544 882 1685 937 nihil
1718 880 2045 952 pertinebat,
2079 886 2141 933 ut

540 983 781 1037 bannum
814 994 913 1049 pro
943 976 1031 1030 his
1095 974 1442 1029 rewadiaret.
1489 976 1560 1028 Et
1606 970 1904 1026 rewadiato
1955 968 2138 1023 hanno

542 1070 734 1125 minati
765 1076 915 1133 sunt,
938 1065 1085 1138 quod
1115 1064 1183 1119 ad
1214 1073 1448 1118 mortem
1483 1064 1643 1117 illum
1669 1061 1983 1133 judicarent
2040 1075 2139 1130 pro

542 1156 867 1212 inﬁdelitate
897 1153 1061 1223 regis,
1094 1153 1200 1206 nisi
1237 1151 1637 1222 praesentaliter
1658 1149 1789 1205 talia
1812 1146 2138 1203 vadimonia

539 1246 715 1312 daret,
750 1260 811 1299 ac
840 1259 939 1313 pro
964 1241 1301 1296 vadimoniis
1342 1242 1472 1296 tales
1518 1239 1887 1309 ﬁdejussores,
1922 1238 2017 1307 qui
2047 1235 2136 1290 die

540 1341 744 1389 statuta
782 1331 996 1386 easdem
1054 1346 1139 1384 res
1178 1330 1320 1401 regis
1368 1329 1536 1384 misso
1582 1328 1738 1399 quasi
1794 1324 2139 1381 revestiendo

542 1420 967 1491 reconsignaret,
1026 1418 1173 1489 quod
1215 1426 1269 1472 et
1314 1434 1438 1472 eum
1496 1416 1672 1471 facere
1729 1415 2133 1485 compulerunt.

542 1510 851 1569 Secundum
892 1511 1034 1564 hanc
1073 1509 1242 1579 legem
1281 1507 1608 1579 conquisitae
1657 1515 1789 1561 sunt
1818 1506 1903 1560 hae
1938 1521 2043 1571 res,
2093 1502 2139 1557 si

542 1599 660 1654 haec
694 1597 1020 1653 constrictio
1048 1595 1386 1668 conquisitio
1412 1595 1535 1668 jure
1562 1594 1673 1650 dici
1708 1601 1905 1665 potest.

2248 436 2314 489 de
2350 436 2464 491 suis
2503 436 2598 508 qui
2623 438 2690 490 de
2720 436 2817 491 illo
2849 432 3221 490 reclamabant
3267 433 3590 490 hominibus
3620 436 3842 494 villanis

2248 526 2472 580 reddere
2505 541 2748 597 unquam
2768 524 3030 580 noluerit.
3056 525 3125 578 Et
3156 539 3305 578 nunc
3335 523 3394 577 in
3426 524 3842 594 proximo,dum

2248 613 2524 669 hostiliter
2554 630 2745 668 omnes
2773 612 2987 668 banniti
3019 611 3251 666 fuissent
3270 611 3329 665 in
3356 611 3499 681 regis
3530 612 3841 681 servitium,

2248 713 2303 759 et
2332 704 2449 775 ipse
2478 720 2604 760 cum
2647 703 2773 759 aliis
2789 703 2927 757 meis
2944 703 3220 758 venissem
3247 700 3649 757 hominibusad
3672 704 3844 759 Mosc-

2251 809 2424 860 mum,
2449 793 2595 848 unde
2640 809 2751 848 non
2784 794 2941 863 longe
2975 808 3073 847 sua
3104 789 3340 845 distabat
3392 791 3632 857 mansio,
3670 809 3846 865 neque

2249 883 2317 937 ad
2341 900 2427 937 me
2457 882 2693 950 venerit,
2729 898 2904 954 neque
2945 880 3121 935 ullum
3143 896 3302 934 suum
3331 880 3562 935 missum
3594 898 3705 937 sua:
3734 882 3847 937 im-

2248 974 2630 1044 possibilitatis
2658 982 2754 1029 aut
2772 972 3007 1044 alicujus
3033 972 3411 1029 excusationis
3445 976 3843 1031 transmiserit.

2251 1062 2475 1134 Insuper
2503 1063 2682 1118 ﬁlium
2714 1078 2896 1129 suum,
2948 1078 3111 1132 quem
3152 1061 3293 1116 mihi
3339 1063 3846 1132 commendaverat,

2247 1168 2372 1207 cum
2404 1152 2781 1223 praecepissem
2810 1151 2915 1222 ipsi
2954 1167 3079 1207 cum
3117 1150 3243 1206 aliis
3267 1151 3404 1206 meis
3433 1154 3525 1224 qui
3558 1154 3623 1208 de
3654 1154 3847 1209 eodem

2248 1256 2384 1312 pago
2412 1249 2543 1297 sunt
2567 1257 2713 1296 meas
2753 1250 2937 1295 tenere
2966 1240 3297 1307 mansiones,
3320 1240 3389 1294 ad
3410 1241 3673 1296 tenendas
3696 1259 3847 1296 man.

2247 1328 2427 1383 siones
2466 1329 2699 1385 Rothadi
2732 1328 2975 1401 episcopi
3006 1328 3229 1384 miserat
3255 1346 3267 1383 :
3306 1337 3361 1383 et
3385 1329 3518 1384 dum
3550 1331 3644 1401 'per
3674 1331 3845 1403 ipsam

2249 1434 2525 1487 pergerem
2550 1418 2767 1485 villam,
2794 1434 2968 1491 neque
2991 1417 3134 1473 idem
3168 1417 3319 1472 ﬁlius
3340 1434 3472 1474 suus
3500 1419 3561 1473 in
3591 1435 3848 1490 praesen-

2249 1506 2381 1560 tiam
2432 1522 2607 1560 meam
2638 1506 2825 1561 venire
2877 1506 3134 1576 dignatus
3189 1505 3376 1561 fuerit.
3425 1507 3664 1563 Locutus
3712 1526 3846 1564 cum

2249 1595 2578 1667 quibusdam
2616 1597 2771 1663 meis,
2800 1614 2831 1651 a
2861 1595 3061 1667 quibus
3090 1603 3143 1650 et
3172 1595 3667 1652 audivihominem
3693 1599 3847 1652 illum

613 1692 771 1759 Quod
801 1707 931 1746 vero
986 1689 1124 1745 mihi
1176 1690 1533 1761 rescripsistis
1587 1690 1687 1755 sic,
1742 1688 1809 1742 de
1860 1684 2141 1741 beneﬁciis
2172 1706 2218 1764 B
2251 1684 2417 1739 fuisse
2450 1684 2685 1741 Rothadi
2718 1685 2981 1756 episcopi,
3039 1691 3102 1739 ut
3154 1683 3359 1739 talibus
3394 1692 3541 1755 patet
3602 1685 3844 1741 indiciis.

542 1788 725 1837 autem
770 1780 1060 1835 hominum
1091 1788 1312 1834 tuorum
1359 1779 1427 1833 de
1472 1777 1673 1850 quibus
1721 1773 2013 1840 mandasti,
2045 1789 2143 1827 re—

541 1870 774 1940 spondit
795 1868 925 1939 quia
950 1868 1035 1923 tui
1068 1866 1325 1921 homines
1354 1883 1410 1921 se
1436 1867 1502 1921 ad
1549 1882 1674 1920 eum
1706 1864 2141 1921 reclamaverunt

543 1956 690 2029 quod
719 1956 786 2011 ab
832 1956 911 2009 eis
950 1971 1048 2009 sua
1096 1953 1382 2019 beneﬁcia,
1414 1969 1532 2023 quae
1584 1952 1729 2022 apud
1772 1958 2139 2004 antecessores

543 2052 687 2110 tuos,
718 2053 772 2098 et
800 2043 943 2113 apud
966 2050 1019 2095 te
1040 2040 1464 2111 proservierant.
1511 2038 1714 2108 injuste
1753 2045 1807 2092 et
1836 2038 2140 2092 irrationa—

540 2132 730 2187 biliter
758 2128 1107 2185 abstulisses:
1142 2127 1289 2182 unde
1314 2127 1614 2182 secundum
1650 2143 1832 2182 sacros
1879 2142 2135 2193 canones,

542 2226 598 2274 et
623 2218 842 2273 decreta
879 2224 1080 2272 sanctae
1111 2216 1256 2270 sedis
1298 2217 1559 2271 Romanae
1589 2214 1917 2286 pontiﬁcum
1948 2231 2018 2268 ex
2036 2215 2138 2269 eis-

541 2306 663 2363 dem
706 2307 877 2362 sacris
910 2303 1218 2361 canonibus
1277 2304 1640 2376 promulgata,
1698 2304 1901 2357 electos
1924 2301 2141 2375 judices

542 2403 687 2474 apud
737 2417 823 2455 me
874 2400 1156 2471 expetisti,
1189 2406 1242 2453 et
1270 2414 1456 2453 eorum
1503 2406 1667 2469 atque
1697 2398 1933 2452 aliorum
1964 2399 2138 2452 Deum

544 2489 860 2547 timentium
886 2487 1101 2559 judicio
1131 2488 1197 2543 de
1233 2486 1563 2559 quibusdam
1595 2486 1875 2540 decretum
1908 2484 2033 2552 fuit,
2079 2494 2139 2539 ut

541 2580 805 2634 beneﬁcia
835 2595 950 2645 sua,
975 2595 1094 2649 quae
1146 2575 1598 2631 irrationabiliter
1642 2574 2011 2646 perdiderant,
2043 2589 2140 2627 re-

543 2682 804 2737 cuperare
832 2665 1112 2720 deberent.
1156 2664 1530 2730 Quorumdam
1549 2672 1730 2719 autem
1762 2678 1951 2717 eorum
1973 2677 2136 2716 causa

542 2771 715 2827 usque
742 2756 810 2810 ad
841 2755 1009 2810 alium
1039 2762 1333 2810 tractatum
1362 2754 1527 2809 certis
1550 2752 1730 2808 causis
1751 2750 2139 2807 intervenien-

547 2844 694 2899 iibus
715 2860 826 2898 non
857 2843 1115 2910 diﬂinita,
1180 2843 1273 2899 sed
1309 2844 1646 2915 implacitata
1676 2842 1960 2908 remansit,
1987 2848 2041 2894 et
2070 2847 2135 2894 tu

541 2939 667 2988 ante
697 2930 1087 2987 diﬂinitionem
1134 2939 1327 2986 contra
1363 2948 1545 2987 sacros
1574 2946 1810 2986 canones
1860 2929 1976 2984 sine
2022 2927 2136 2981 ulla

542 3020 862 3076 necessitate
893 3022 979 3076 vel
1011 3020 1220 3076 ratione
1252 3021 1380 3091 fuga
1409 3022 1588 3091 lapsus
1609 3018 1908 3089 regularem
1932 3014 2134 3071 diﬂini-

539 3108 746 3165 tionem
792 3118 1109 3181 exspectare
1163 3109 1563 3181 contempsisti.
1622 3107 1940 3177 Respondeo
1988 3104 2137 3177 quod

540 3198 669 3253 inde
706 3214 761 3253 se
788 3198 867 3253 rei
898 3198 1101 3253 veritas
1131 3198 1313 3253 habet.
1342 3200 1455 3253 Rex
1488 3195 1710 3269 quidem
1747 3194 1983 3267 quodam
2014 3194 2128 3262 die,

544 3307 667 3347 cum
695 3290 810 3362 jam
830 3290 1057 3346 domum
1089 3288 1267 3344 redire
1297 3288 1680 3354 debueramus,
1730 3304 1762 3341 a
1791 3286 1948 3341 vobis
1977 3302 2136 3357 qua:—

540 3396 657 3435 rere
677 3382 863 3452 coepit,
888 3380 982 3453 qui
1013 3380 1071 3433 in
1105 3377 1405 3433 crastinum
1436 3376 1503 3432 de
1523 3376 1859 3448 coepiscopis
1888 3374 2138 3431 Rhemo-

541 3484 665 3524 rum
700 3468 1002 3541 provinciae
1048 3467 1375 3523 interessent
1416 3464 1486 3521 ad
1542 3482 1761 3521 causam
1801 3462 2131 3520 audiendam

537 3557 605 3614 de
634 3556 723 3611 his
753 3556 1093 3610 hominibus.
1135 3557 1251 3625 Ego
1281 3563 1465 3609 tamen
1495 3553 1615 3608 dixi
1647 3554 1777 3624 quia
1802 3569 1914 3607 non
1956 3551 2136 3606 habe-

537 3645 664 3699 bam
693 3659 909 3698 mecum
935 3643 1168 3697 clericos
1199 3657 1299 3697 nec
1324 3642 1491 3697 laicos
1520 3641 1615 3712 qui
1647 3656 1823 3695 caussa
1851 3639 2133 3694 interfue—

537 3736 680 3795 rant,
707 3738 763 3783 et
794 3745 888 3800 per
903 3728 1181 3800 quosinde
1203 3730 1473 3783 rationem
1494 3727 1722 3783 reddere
1755 3726 2133 3797 possem.Nam

536 3816 828 3890 praeteritis
855 3816 990 3887 ipsis
1010 3815 1207 3871 diebus
1224 3831 1317 3885 per
1330 3815 1573 3870 bannum
1598 3818 1807 3883 regium
1821 3828 2012 3868 omnes
2025 3812 2133 3867 mei

536 3912 789 3967 homines
820 3912 877 3965 in
917 3910 1120 3981 palatio
1149 3909 1344 3963 retenti
1376 3908 1628 3961 fuerant:
1654 3922 1752 3977 ego
1772 3914 1953 3962 autem
1983 3909 2134 3964 solus

535 4000 604 4055 ad
629 4000 946 4056 mansiones
981 3995 1244 4052 Harduici
1265 4012 1391 4052 cum
1414 4011 1525 4051 uno
1549 4012 1648 4050 suo
1664 3994 1866 4051 clerico
1882 4004 1935 4051 et
1953 3996 2132 4052 tribus

537 4086 691 4142 laicis
727 4085 1049 4141 hominibus
1091 4099 1460 4155 perrexeram.
1520 4083 1885 4155 Interrogavit
1914 4101 2131 4157 quoque

535 4192 653 4244 rev,
685 4191 822 4248 quos
872 4174 949 4230 ibi
979 4172 1279 4246 potuissem
1324 4171 1525 4229 habere
1562 4189 1573 4227 :
1607 4179 1661 4227 et
1694 4173 1957 4244 respondi
1989 4173 2131 4229 Ber-

533 4263 777 4321 tharium
816 4262 1102 4328 clericum,
1136 4267 1190 4314 et
1223 4276 1393 4315 unum
1419 4260 1639 4329 laicum,
1676 4260 1770 4332 qui
1805 4261 1862 4315 in
1894 4277 2127 4333 quorum

532 4352 658 4409 dam
685 4353 917 4409 istorum
953 4352 1133 4409 causis
1167 4349 1550 4418 interfuerant,
1577 4358 1631 4405 et
1655 4350 1822 4421 jussit
1838 4360 1898 4406 ut
1926 4368 2018 4406 eos
2035 4350 2125 4404 ha-

2251 1773 2519 1829 Reversus
2533 1782 2715 1829 autem
2741 1791 2810 1829 ex
2832 1773 3019 1828 eadem
3040 1772 3413 1843 expeditione,
3445 1773 3845 1847 diuqueexspe

2249 1871 2404 1919 ctans
2431 1864 2499 1918 ad
2533 1879 2618 1917 me
2648 1878 2758 1917 non
2795 1861 2969 1917 venit.
3011 1862 3270 1916 Pervenit
3316 1869 3500 1917 autem
3529 1862 3598 1918 ad
3628 1880 3715 1918 me
3750 1866 3846 1919 cla-

2250 1971 2371 2008 mor
2394 1954 2460 2007 de
2491 1954 2681 2008 eodem
2704 1952 3043 2023 Bagenardo,
3076 1951 3223 2024 quod
3268 1967 3427 2006 suum
3467 1950 3735 2007 habuerat
3759 1953 3842 2008 de-

2249 2047 2517 2096 structum
2571 2039 2925 2095 beneﬁcium.
2980 2039 3378 2094 Transmittens
3410 2047 3591 2094 autem
3654 2042 3845 2097 rescire

2250 2138 2434 2184 utrum
2466 2146 2659 2184 verum
2690 2138 2853 2195 esset,
2887 2128 3103 2184 invenit
3138 2128 3338 2184 missus
3366 2144 3539 2195 meus,
3574 2137 3630 2185 et
3685 2146 3844 2185 man-

2249 2236 2369 2274 sum
2392 2218 2876 2286 indominicatum,
2909 2228 2963 2274 et
2995 2219 3167 2291 ipsam
3194 2218 3479 2275 ecclesiam
3520 2220 3743 2291 penitus
3764 2222 3842 2276 de-

2252 2316 2540 2375 structam,
2576 2324 2638 2363 ac
2672 2308 2867 2362 silvam
2893 2308 3200 2374 venditam,
3229 2315 3285 2362 et
3310 2307 3419 2363 alia
3446 2309 3725 2379 perplura.
3769 2311 3841 2364 Ad

2250 2414 2368 2469 qua:
2399 2396 2796 2468 judicaverunt
2826 2403 3064 2451 astantes
3093 2395 3241 2462 laici,
3275 2403 3337 2449 ut
3364 2405 3709 2451 sacramento
3732 2413 3841 2468 pro-

2249 2488 2472 2543 baretur
2499 2506 2569 2543 ex
2597 2504 2716 2542 mea
2758 2495 2931 2560 parte,
2966 2488 3110 2560 quod
3153 2487 3221 2543 de
3270 2487 3416 2559 regis
3463 2487 3697 2543 servitio
3733 2490 3841 2543 sine

2234 2593 2371 2631 ‘mea
2404 2578 2628 2633 licentia
2645 2576 2878 2643 veniret,
2921 2584 2976 2631 et
3014 2576 3292 2631 amitteret
3320 2576 3462 2631 illud
3491 2575 3842 2644 beneﬁcium,

2248 2671 2495 2727 anetum,
2528 2672 2792 2732 meritam,
2826 2671 2881 2718 et
2907 2663 3175 2719 ciminum
3217 2662 3572 2732 decimantes,
3614 2672 3675 2720 et
3720 2682 3844 2735 gra-

2248 2752 2404 2807 viora
2432 2752 2566 2824 legis
2586 2753 2977 2825 relinquentes,
3008 2752 3239 2808 culicem
3276 2751 3566 2824 liquantes,
3597 2761 3657 2807 et
3679 2770 3845 2809 came-

2249 2842 2361 2895 lum
2385 2840 2700 2912 glutientes,
2722 2858 2848 2897 cum
2880 2857 3116 2897 canones
3161 2840 3459 2897 decernant
3487 2849 3548 2895 ut
3594 2857 3699 2912 per
3728 2844 3845 2913 epi-

2246 2947 2437 3003 scopos
2466 2930 2683 3001 judices
2708 2947 2871 2987 causa
2897 2930 3147 2998 ﬁniatur,
3181 2938 3236 2986 et
3266 2930 3412 2985 intra
3443 2930 3842 3001 plenitudinem

2246 3022 2709 3092 Capitulariorum
2732 3021 3253 3094 gloriosissimorum
3275 3019 3669 3092 imperatorum
3698 3022 3843 3077 dom-

2246 3109 2303 3164 ni
2333 3108 2513 3166 Caroli
2530 3117 2585 3165 et
2602 3110 2867 3167 Ludovici
2892 3111 2970 3167 ita
2997 3117 3262 3165 statutum
3292 3110 3366 3164 sit
3391 3126 3403 3163 ξ
3453 3133 3470 3156 ι
3490 3109 3841 3183 Quaecunque

2245 3215 2276 3252 a
2304 3198 2536 3269 singulis
2566 3200 2784 3271 regibus
2813 3199 2960 3254 circa
2998 3207 3371 3255 sacrosanctas
3420 3198 3683 3254 ecclesias
3721 3207 3843 3254 sunt

2245 3286 2566 3354 constituta,
2600 3288 2687 3342 vel
2715 3287 2922 3358 singuli
2952 3287 3157 3360 quique
3182 3286 3472 3342 Antistites
3487 3303 3581 3358 pro
3601 3287 3838 3358 singulis

2243 3377 2628 3435 ecclesiasticis
2666 3376 3053 3449 impetrarunt,
3102 3375 3204 3432 sub
3232 3393 3393 3448 poena
3414 3377 3688 3449 sacrilegii
3729 3378 3840 3450 jugi

2244 3474 2300 3523 et
2327 3466 2505 3522 solida
2532 3468 2836 3523 aeternitate
2857 3475 3166 3523 serventur.
3190 3465 3391 3522 Clerici
3410 3465 3571 3523 etiam
3601 3482 3722 3522 non
3751 3483 3838 3522 saa-

2243 3554 2526 3611 cularibus
2549 3554 2854 3626 judicibus,
2888 3556 2982 3611 sed
3008 3554 3304 3627 episcopali
3335 3555 3625 3611 audientiae
3659 3572 3840 3611 reser—

2244 3653 2463 3701 ventur.
2501 3646 2603 3700 Fas
2631 3646 2782 3701 enim
2814 3661 2925 3700 non
2945 3653 3028 3700 est
3056 3654 3119 3702 ut
3148 3645 3331 3700 divini
3364 3645 3674 3702 subdantur
3697 3646 3835 3701 arbi-

2244 3733 2352 3790 trio
2381 3734 2647 3790 saeculari.
2684 3760 2703 3782 ι
2744 3735 2880 3789 Item
2909 3735 2967 3789 in
2999 3734 3203 3791 eisdem
3233 3751 3303 3789 ex
3331 3734 3500 3791 sacris
3530 3736 3735 3805 regulis
3787 3742 3838 3789 et

2246 3821 2394 3877 istud
2418 3831 2760 3895 assumptum
2787 3833 2871 3880 est
2898 3842 2908 3878 :
2946 3846 2964 3869 ι
2991 3825 3068 3879 De
3096 3823 3233 3879 viris
3258 3825 3371 3878 Deo
3401 3824 3615 3891 dicatis,
3643 3825 3732 3879 vel
3754 3838 3832 3880 ec-

2241 3910 2568 3968 clesiasticis
2599 3911 2956 3967 facultatibus
2971 3911 3183 3983 aliquid
3218 3911 3551 3983 disponendi
3581 3913 3735 3968 nulla
3768 3914 3836 3967 le-

2242 4000 2389 4071 gitur
2419 3999 2594 4067 laicis,
2652 4000 2907 4071 quamvis
2954 4000 3246 4071 religiosis,
3277 4017 3519 4072 unquam
3577 4000 3836 4056 attributa

2242 4088 2497 4155 facultas,
2530 4112 2547 4135 ι
2602 4088 2790 4160 Itaque
2815 4087 3047 4159 potioris
3078 4096 3194 4144 erat
3232 4086 3431 4158 judicii
3461 4097 3698 4144 sacratas
3724 4090 3833 4144 Deo

2239 4192 2324 4231 res
2344 4176 2642 4243 destruere,
2664 4186 2720 4231 et
2756 4176 2822 4230 de
2846 4176 3074 4232 sacratis
3102 4178 3215 4233 Deo
3242 4175 3405 4232 rebus
3434 4176 3678 4232 ecclesiae
3743 4192 3831 4232 cu-

2233 4262 2325 4334 jus
2352 4270 2507 4318 erant
2530 4261 2716 4317 debita
2742 4260 3002 4333 obsequia
3057 4278 3169 4318 non
3210 4260 3623 4334 reprehendere,
3675 4278 3835 4335 quam

2238 4353 2536 4423 temporale
2564 4350 2705 4406 illud
2734 4351 3023 4407 servitium
3085 4351 3335 4407 dimittas
3358 4396 3371 4418 ,
3434 4352 3529 4407 sed
3575 4352 3836 4407 animales

532 4442 737 4509 berem,
768 4451 820 4497 et
862 4441 942 4496 sic
969 4439 1271 4511 designatis
1302 4416 1624 4506 Actardum,
1656 4416 1713 4494 et
1754 4440 2127 4503 Rainelmum,
2158 4416 2207 4474 D
2237 4416 2492 4496 homines
2537 4456 2648 4494 non
2688 4440 3001 4512 percipiunt
3029 4456 3092 4495 ea
3137 4457 3259 4513 quae
3306 4416 3435 4495 sunt
3487 4440 3715 4512 spiritus
3740 4439 3839 4497 Dei

532 4544 586 4591 et
613 4534 878 4590 Joannem
902 4534 1206 4605 episcopos,
1238 4548 1374 4604 quos
1402 4532 1710 4603 cognitores
1754 4534 1858 4588 hoc
1889 4542 1951 4589 ut
1980 4549 2127 4604 prae-

530 4624 649 4680 dixi
682 4623 846 4680 modo
875 4622 1183 4693 suscepi,ne
1212 4621 1425 4676 viderer
1450 4623 1592 4677 velle
1619 4638 1839 4678 causam
1874 4621 2122 4690 dilatare,

529 4728 593 4767 ac
627 4712 894 4766 dilatione
924 4708 1193 4764 fallaciter
1228 4715 1408 4780 tegere
1443 4711 1751 4766 veritatem.
1781 4709 2125 4765 Advenimus

531 4796 586 4851 in
620 4798 945 4852 crastinum.
980 4796 1320 4853 Reclamavit
1348 4797 1557 4867 primus
1586 4799 1681 4869 qui
1717 4798 1924 4854 dicitur
1952 4801 2125 4872 Bage-

527 4884 732 4941 nardus
766 4904 777 4940 :
807 4885 873 4940 de
904 4900 1012 4957 quo
1054 4885 1221 4940 talem
1250 4883 1318 4939 ab
1354 4885 1583 4940 exordio
1614 4887 1885 4957 incipiens
1906 4888 2121 4945 reddidi

526 4974 819 5042 rationem,
859 4973 1121 5046 quoniam
1158 4973 1287 5029 dum
1321 4973 1465 5029 idem
1493 4974 1730 5030 domnus
1750 4992 1847 5030 rex
1885 4994 1973 5032 me
2003 4978 2122 5034 Go-

531 5062 699 5118 lhiam
745 5079 843 5118 suo
878 5062 938 5117 in
970 5060 1248 5117 missatico
1288 5062 1543 5129 misisset,
1575 5062 1692 5117 sine
1746 5081 1866 5120 mea
1895 5066 2121 5123 licentia

523 5167 775 5208 reversus
799 5159 900 5207 est.
928 5150 1138 5207 Deinde
1172 5150 1299 5223 quia
1327 5149 1442 5222 jam
1477 5160 1587 5207 tres
1615 5151 1747 5206 anni
1783 5162 1937 5209 erant
1985 5171 2120 5226 per-

521 5241 651 5310 acti,
682 5256 753 5297 ex
780 5257 888 5314 quo
924 5240 1176 5296 eumdem
1208 5239 1585 5311 Itagenardum
1614 5257 1725 5296 non
1755 5242 1894 5311 vidi,
1915 5251 1969 5299 et
1997 5260 2117 5316 quae

521 5330 733 5400 operari
759 5329 829 5386 de
858 5346 957 5386 suo
985 5328 1244 5385 debuerat
1277 5328 1545 5386 beneﬁcio
1579 5329 1637 5385 in
1666 5331 1913 5388 Ecclesia
1964 5332 2116 5387 Lau-

521 5415 753 5476 dunensi
779 5436 849 5476 ex
876 5418 1114 5492 plurima
1134 5426 1285 5488 parte
1316 5418 1620 5489 dimiserat,
1645 5437 1745 5477 nec
1764 5420 1830 5476 ad
1852 5422 1966 5477 ulla
1989 5423 2101 5492 pla-

523 5506 633 5564 cita
655 5510 723 5565 de
743 5512 1180 5571 consideratione
1200 5527 1447 5568 mearum
1474 5512 1880 5580 necessitatum,
1903 5511 1974 5568 ad
1992 5528 2115 5584 qua

2240 4530 2298 4600 (Ι
2328 4531 2453 4587 Cor.
2489 4530 2578 4599 ιι),
2606 4529 2921 4600 spirituales
2940 4537 3122 4585 autem
3149 4529 3336 4586 omnia
3362 4529 3838 4601 dijudicant,sicut

2236 4618 2542 4691 spiritualis
2561 4619 2728 4673 homo
2764 4626 2998 4675 testatur
3025 4619 3337 4691 Stephanus
3370 4636 3507 4692 papa
3540 4626 3592 4674 et
3620 4629 3840 4691 martyr

2236 4708 2406 4779 (epist.
2443 4707 2555 4778 Il).
2589 4707 2870 4780 Quidquid
2905 4708 2963 4762 in
2984 4709 3212 4764 sacratis
3231 4709 3345 4764 Deo
3371 4707 3534 4764 rebus
3549 4716 3601 4762 et
3626 4708 3839 4779 episco-

2234 4792 2317 4864 pis
2348 4791 2555 4862 injuste
2585 4794 2785 4863 agitur,
2810 4809 2908 4864 pro
2949 4792 3238 4864 sacrilegio
3269 4794 3635 4865 reputabitur.
3672 4816 3692 4839 ι

2304 4881 2431 4935 Post
2463 4879 2613 4935 hunc
2644 4881 2962 4937 reclamavit
2993 4882 3185 4949 Grivo,
3217 4888 3272 4936 et
3312 4881 3569 4954 respondi
3599 4896 3712 4935 non
3751 4894 3838 4932 me

2232 4966 2433 5024 habere
2463 4967 2671 5024 ibidem
2701 4968 2828 5024 illos
2855 4969 3128 5038 homines,
3160 4970 3259 5042 qui
3306 4987 3368 5026 ea
3415 4986 3536 5042 quae
3576 4968 3835 5025 dicturus

2229 5074 2374 5114 eram
2402 5074 2513 5113 una
2545 5075 2760 5116 mecum
2791 5060 3055 5116 sciebant.
3089 5062 3370 5129 Attamen,
3407 5061 3631 5132 jubente
3686 5074 3835 5131 rege.

2226 5147 2366 5218 coepi
2397 5147 2515 5203 haec
2544 5164 2815 5205 enarrare.
2833 5149 3055 5205 Scilicet
3082 5149 3230 5222 quod
3260 5149 3442 5219 illum,
3469 5159 3523 5206 et
3542 5147 3836 5206 Beraldum

2227 5235 2321 5307 qui
2348 5236 2556 5305 aderat,
2574 5237 2719 5293 sicut
2745 5237 2983 5294 domnus
3010 5254 3108 5293 rex
3136 5237 3363 5307 sciebat,
3385 5240 3610 5295 Romam
3632 5252 3836 5291 monu-

2225 5339 2373 5380 eram
2403 5341 2517 5380 esse
2545 5326 2863 5396 mittendos,
2896 5328 2993 5400 qui
3026 5326 3232 5384 domno
3274 5328 3577 5400 apostolico
3622 5324 3688 5380 de
3728 5342 3838 5381 re-

2225 5418 2529 5474 moratione
2560 5433 2680 5474 mea
2710 5418 2922 5474 litteras
2945 5417 3211 5475 deferent.
3242 5418 3490 5486 Quodam
3524 5425 3703 5473 autem
3740 5412 3838 5471 die

2223 5514 2477 5572 veniente
2506 5515 2575 5572 ad
2602 5533 2699 5572 me
2714 5515 2905 5574 eodem
2936 5514 3201 5585 Grivone,
3229 5514 3575 5573 missaticum
3606 5510 3836 5566 verbo-
