4078 6182
272 176 410 232 1033

1459 175 1820 234 OPUSCULA
1858 179 1947 235 ET
1986 180 2372 238 EPISTOLIE.

3435 191 3577 251 1034

268 338 429 384 tenus
474 323 837 420 injunxerim,
879 333 942 420 et
984 326 1194 420 litteras
1232 326 1281 381 ei
1311 327 1439 413 dare
1468 329 1679 397 volens,
1708 338 1865 385 suam
1894 332 1945 390 A
1971 340 2130 400 rent;
2182 335 2537 409 miserimque
2583 339 2779 395 missos
2827 356 2997 410 meos,
3037 344 3186 415 quod
3222 362 3320 418 per
3356 361 3579 420 campos

263 413 564 473 retraxerit
583 427 831 478 manum,
863 411 1176 486 dixeritque
1196 410 1480 487 usquequo
1500 433 1631 472 suus
1650 435 1875 490 compar

261 504 500 569 veniret,
534 516 647 556 non
681 515 738 555 se
768 499 978 556 litteras
1004 510 1356 573 accepturum
1385 521 1397 558 :
1430 505 1520 560 cui
1549 512 1602 561 et
1632 504 1871 562 dixerim

263 602 327 650 ut
353 601 489 649 tunc
517 599 571 648 et
602 592 718 664 ipse
748 592 1002 663 proxima
1030 600 1183 647 sexta
1212 591 1349 648 feria
1387 610 1506 666 quas
1549 595 1876 653 imminebat

263 678 325 734 in
373 680 565 736 eadem
608 678 953 735 hebdomada
989 695 1116 735 cum
1155 696 1253 735 suo
1292 697 1567 753 compare,
1615 683 1876 740 videlicet

264 767 521 835 Beraldo,
555 766 860 823 adveniret.
890 767 995 834 Qui
1024 767 1112 823 his
1140 767 1345 823 auditis
1372 785 1428 824 se
1448 770 1514 825 ad
1540 769 1703 842 pedes
1725 787 1878 827 meos

264 868 612 932 prosternere
643 862 859 928 voluit;
893 878 1055 935 quem
1088 864 1421 934 susceperim
1457 879 1525 919 ne
1565 864 1788 932 faceret,
1824 873 1877 921 et

264 950 347 1007 sic
395 951 511 1022 ipse
553 950 807 1006 intulerit
855 951 1000 1023 quod
1043 951 1280 1007 audierit
1319 969 1406 1008 me
1435 952 1633 1008 habere
1663 963 1873 1009 motum

265 1039 526 1095 adversus
571 1056 626 1096 se
665 1040 935 1107 animum,
971 1047 1024 1095 et
1062 1041 1147 1096 illi
1190 1057 1404 1097 necesse
1451 1050 1568 1097 erat
1612 1050 1673 1096 ut
1713 1052 1876 1099 ante-

267 1146 431 1202 quam
469 1131 578 1186 tale
621 1130 889 1202 inciperet
931 1131 1055 1198 iter,
1100 1139 1438 1187 sacramsnto
1477 1148 1532 1186 se
1569 1141 1872 1201 excusaret,

267 1230 322 1275 et
349 1230 482 1277 tunc
511 1221 660 1294 quod
683 1221 933 1293 iuberem
961 1224 1275 1280 voluntarie
1296 1241 1351 1279 se
1376 1225 1672 1282 facturum.
1700 1227 1801 1284 Cui
1823 1234 1877 1282 et

267 1311 546 1383 respondi,
604 1312 735 1384 quia
784 1328 894 1368 non
942 1313 1186 1370 celabam
1237 1315 1385 1387 quod
1434 1325 1616 1372 motus
1662 1317 1877 1389 aliquid

265 1399 530 1456 adversus
559 1400 717 1456 illum
744 1400 965 1469 fuerim,
995 1420 1058 1458 eo
1087 1403 1235 1475 quod
1261 1403 1545 1460 audieram
1578 1422 1609 1459 a
1639 1405 1878 1477 quibus-

266 1488 397 1544 dam
428 1489 585 1544 illum
618 1489 846 1558 dixisse;
872 1490 1018 1562 quod
1047 1491 1274 1547 Romam
1305 1493 1486 1564 ipsum
1516 1510 1628 1549 non
1649 1511 1749 1566 pro
1768 1494 1875 1550 alial

266 1594 329 1633 re
360 1577 442 1633 ire
468 1577 744 1650 rogabam,
777 1578 887 1633 nisi
919 1587 980 1633 ut
1010 1579 1138 1634 inde
1166 1580 1319 1637 Scats
1347 1582 1485 1637 mihi
1517 1576 1691 1649 daret,
1731 1583 1878 1655 quod

1970 429 2316 476 remanserat
2345 424 2605 495 recipere,
2638 427 2959 500 veneritque
2980 429 3095 500 ipse
3115 430 3286 487 Grivo
3314 450 3439 490 cum
3466 435 3580 492 suis

1982 513 2300 584 parentibus
2342 525 2605 585 armatus,
2649 518 3104 593 contenderitque
3143 521 3249 579 hoc
3286 525 3444 582 ﬁeri:
3485 528 3581 584 sed

1984 619 2110 659 cum
2140 605 2326 676 plures
2352 622 2421 661 ex
2452 608 2590 663 meis
2617 608 2896 666 venissent
2916 608 3259 679 hominibus,
3282 613 3483 685 quibus
3502 632 3583 670 re-

1985 692 2176 749 sistere
2191 708 2303 749 non
2324 701 2555 765 poterat,
2580 712 2676 767 per
2695 697 2875 753 wadia
2893 699 3268 756 emendaverit
3288 701 3435 773 quod
3456 704 3581 758 mis-

1984 781 2191 838 factum
2237 782 2494 850 habebat,
2545 786 2995 859 mandaveritque
3041 788 3180 844 mihi
3226 805 3283 845 se
3328 790 3470 846 velle
3517 791 3586 848 ad

1985 886 2163 926 meam
2215 872 2521 929 mercedem
2568 875 2778 943 venire,
2826 884 2881 931 et
2923 877 3195 934 sustinere
3241 880 3457 950 qualem
3500 879 3584 934 illi

1984 960 2451 1017 commendassem
2496 962 2907 1033 harmiscaram,
2955 966 3442 1039 responderimque
3473 968 3586 1023 illis

1986 1051 2121 1105 meis
2145 1066 2243 1121 pro
2264 1067 2328 1107 eo
2349 1053 2662 1122 petentibus
2684 1054 3005 1111 hominibus
3023 1056 3286 1113 videlicet
3315 1056 3580 1127 Gerardo,

1984 1138 2293 1208 Iladoardo,
2327 1156 2390 1197 ac
2419 1142 2673 1211 Colsano,
2704 1153 2769 1201 ut
2806 1144 3022 1199 veniret
3060 1145 3120 1200 in
3159 1146 3482 1216 crastinum,
3533 1155 3587 1203 et

1986 1225 2221 1282 libenter
2249 1228 2295 1284 si
2327 1229 2405 1284 ita
2447 1229 2563 1302 ipse
2604 1232 2773 1288 vellet
2812 1231 2953 1287 illud
2997 1234 3430 1306 acquiescebam.
3479 1235 3586 1302 Qui

1986 1318 2386 1375 transmisitad
2415 1338 2501 1377 me
2531 1321 2821 1394 quemdam
2852 1339 3012 1379 suum
3056 1325 3452 1398 propinquum,
3491 1327 3587 1399 qui

1985 1414 2216 1463 vocatur
2243 1409 2637 1481 Magenfridus,
2660 1428 2759 1482 pro
2783 1411 2886 1468 hac
2905 1412 3023 1483 ipsa
3045 1428 3124 1482 re,
3147 1413 3237 1469 cui
3259 1422 3314 1469 et
3329 1413 3590 1471 similiter

1987 1496 2265 1566 respondi,
2290 1499 2385 1571 qui
2406 1500 2617 1556 venerit
2639 1500 2794 1572 quasi
2817 1499 2924 1557 hoc
2946 1508 3166 1557 acturus
3189 1502 3261 1559 ad
3280 1504 3462 1560 locum
3490 1503 3589 1558 ubi

1988 1599 2156 1653 eram,
2191 1587 2286 1659 qui
2315 1588 2523 1645 dicitur
2549 1589 2938 1659 Montiniacus,
2985 1597 3039 1646 et
3071 1606 3155 1647 me
3189 1591 3297 1648 hoc
3328 1591 3507 1664 ipsum
3537 1593 3587 1648 ei

265 1683 370 1740 ego
400 1666 640 1722 mirabar
663 1667 705 1723 si
729 1666 954 1735 diceret,
979 1685 1104 1725 cum
1139 1670 1411 1742 quidquid
1436 1671 1673 1727 habebat
1701 1672 1878 1729 bene-
1906 1688 1951 1749 ο
1988 1675 2247 1732 offerente
2295 1676 2628 1746 discesserit,
2674 1678 2863 1736 dicens
2907 1695 3019 1736 non
3066 1696 3244 1736 meam
3288 1697 3343 1737 se
3391 1680 3591 1737 habere

262 1757 380 1813 ficii
422 1755 589 1827 gratis
627 1755 674 1810 ei
716 1756 988 1813 dedissem
1024 1767 1078 1815 et
1107 1759 1225 1815 sine
1265 1760 1381 1815 ullo
1412 1761 1607 1831 pretio.
1646 1763 1781 1817 Nam
1815 1771 1877 1818 ut

267 1844 424 1901 scitis
444 1852 841 1901 antecessorem
866 1863 1047 1902 meum
1067 1848 1366 1903 Pardulum
1388 1848 1621 1916 dimisit,
1645 1858 1697 1905 et
1719 1850 1877 1906 vobis

266 1951 325 1990 se
347 1935 777 1991 commendavit.
800 1937 861 1991 In
884 1946 1127 2008 tempore
1148 1945 1330 1992 autem
1352 1937 1718 1993 ordinationis
1743 1954 1874 1993 meae

266 2025 428 2081 illum
459 2024 597 2080 mihi
628 2027 1074 2095 commendastis,
1109 2029 1199 2100 qui
1234 2045 1330 2100 per
1358 2028 1583 2101 aliquod
1606 2029 1746 2085 mihi
1767 2045 1874 2085 ser-

267 2115 447 2184 viens,
480 2124 804 2189 mortuoque
834 2125 985 2188 patre
1014 2117 1131 2189 ejus
1153 2117 1300 2190 quod
1327 2117 1522 2173 habuit
1546 2118 1875 2175 beneficium

268 2204 357 2260 illi
387 2205 537 2273 dedi,
565 2207 789 2279 insuper
817 2216 869 2263 et
898 2208 1004 2264 alia
1035 2207 1326 2264 duodecim
1360 2226 1569 2266 mansa.
1601 2210 1729 2265 Haec
1757 2228 1878 2283 qua:

267 2294 511 2365 praemisi
548 2311 633 2351 me
663 2295 748 2350 illi
780 2304 1052 2352 reserante
1083 2296 1364 2369 negaverit
1402 2297 1551 2370 quod
1590 2315 1875 2371 nunquam

266 2381 411 2438 illud
442 2383 670 2451 diceret,
706 2374 988 2458 nunquam
1018 2386 1306 2457 cogitaret,
1346 2393 1400 2440 et
1432 2395 1684 2457 precatus
1712 2388 1879 2441 fuerit

265 2481 329 2527 ut
362 2474 551 2528 liceret
582 2474 663 2528 illi
706 2491 760 2530 se
800 2475 929 2530 inde
966 2483 1306 2532 sacramento
1344 2492 1594 2547 purgare.
1641 2476 1743 2532 Cui
1782 2493 1878 2531 re-

270 2563 593 2635 sponderim
624 2563 751 2636 quia
774 2564 914 2619 nihil
938 2564 1140 2621 abhinc
1160 2582 1229 2621 ex
1252 2565 1357 2621 hoc
1378 2564 1462 2620 illi
1488 2564 1874 2635 discrederem,

267 2670 371 2710 nec
394 2655 607 2727 aliquid
629 2654 890 2711 adversus
918 2673 1042 2711 eum
1071 2655 1334 2711 motionis
1360 2654 1563 2711 abhinc
1586 2656 1872 2715 haberem:

267 2753 323 2799 et
370 2745 416 2799 si
469 2745 562 2799 ille
606 2748 719 2801 Deo
768 2747 1099 2818 propitiante
1143 2763 1307 2803 sanus
1344 2746 1520 2802 abiret
1560 2755 1613 2801 et
1653 2747 1915 2827 rediret,-

267 2851 431 2889 suum
461 2836 753 2890 servitium
786 2837 869 2891 illi
903 2839 1304 2910 promeriturus
1330 2855 1523 2905 essem,
1556 2846 1609 2893 et
1648 2854 1773 2893 eum
1810 2838 1878 2894 ab

267 2928 387 2983 illis
418 2928 711 2984 itineribus
738 2937 1004 3001 quantum
1035 2946 1249 3001 possem
1281 2931 1619 3001 requiescere
1650 2931 1879 3003 permit-

268 3024 465 3072 terem.
491 3017 617 3071 Post
638 3016 756 3072 haec
772 3024 1095 3087 prosecutus
1115 3035 1235 3073 sum
1261 3019 1407 3091 quod
1429 3018 1699 3075 audierim
1720 3018 1878 3075 illum
1909 3040 1960 3100 D

266 3105 473 3160 silvam
505 3121 664 3179 quam
698 3122 831 3161 suus
858 3106 1131 3177 nutrierat
1160 3115 1312 3178 pater
1349 3107 1646 3176 destruere,
1688 3116 1743 3163 et
1782 3107 1879 3162 in-

272 3193 485 3249 terdixi
513 3192 850 3249 omnimodis
878 3193 928 3248 ei
958 3201 1020 3249 ut
1045 3201 1263 3251 caveret
1291 3213 1358 3251 ne
1394 3196 1554 3265 illud,
1592 3197 1638 3253 si
1670 3197 1878 3253 factum

267 3290 412 3351 erat,
465 3283 523 3337 in
564 3284 837 3355 reliquum
879 3282 1070 3338 ﬁeret:
1110 3284 1498 3356 responditque
1532 3285 1879 3340 mendacium

266 3372 423 3444 quod
448 3372 730 3427 audieram
761 3387 895 3440 esse,
926 3371 1020 3428 sed
1050 3371 1182 3427 dum
1219 3372 1394 3444 Aquis
1434 3372 1623 3444 palatii
1665 3389 1879 3429 mecum

267 3461 419 3515 foret
443 3461 594 3529 (nam
624 3461 692 3516 ab
721 3460 817 3516 illo
846 3462 965 3516 loco
990 3460 1227 3517 domnus
1249 3476 1344 3516 rex
1370 3460 1509 3515 mihi
1535 3461 1750 3515 dixerat
1770 3463 1880 3515 An-

264 3549 506 3619 sigisum
527 3563 643 3604 esse
657 3549 879 3604 Romam
902 3565 1000 3605 suo
1023 3549 1301 3605 missatico
1321 3549 1745 3620 profecturum),
1763 3549 1879 3621 qui-

261 3639 401 3695 dam
433 3638 521 3693 sui
553 3636 728 3691 vicini
748 3638 951 3709 aliquid
974 3655 1042 3693 ex
1066 3638 1181 3710 ipsa
1202 3638 1343 3694 silva
1369 3638 1763 3707 devastassent,
1788 3639 1882 3695 sed

262 3729 392 3802 ipse
426 3724 728 3781 rewadiare
757 3742 845 3783 eos
873 3737 1012 3785 esset
1044 3729 1311 3799 facturus,
1348 3731 1534 3804 sicque
1574 3730 1880 3797 recesserit,

260 3814 482 3874 reverti
506 3813 692 3886 jussus
719 3830 750 3869 a
779 3832 882 3883 me,
916 3825 977 3871 ut
1018 3816 1270 3888 praedixi,
1318 3819 1376 3873 in
1432 3819 1621 3875 eadem
1662 3818 1883 3875 hebdo-

262 3905 440 3963 mada
487 3903 626 3959 feria
672 3913 845 3960 sexta.
889 3904 994 3959 Sed
1034 3922 1164 3960 mox
1196 3916 1257 3962 ut
1286 3907 1514 3963 domum
1546 3908 1880 3980 pervenerit,

267 3998 536 4057 omnibus
564 3997 766 4054 vicinis
797 3997 912 4051 suis
940 3994 1256 4051 denuntiari
1292 3999 1501 4066 fecerit,
1549 4008 1612 4054 ut
1640 4001 1885 4071 quicun-

269 4104 384 4161 que
413 4104 481 4143 ex
510 4087 697 4141 eadem
729 4085 869 4141 silva
898 4083 1143 4156 accipere
1170 4084 1413 4153 volebat,
1446 4102 1616 4158 usque
1648 4087 1704 4141 in
1738 4105 1885 4159 pra;—

275 4178 459 4232 fatum
507 4175 653 4229 diem
696 4172 988 4243 acciperet,
1031 4170 1161 4244 quia
1191 4173 1305 4244 ipse
1336 4173 1574 4243 amplius
1603 4191 1713 4230 non
1744 4175 1886 4231 illud

270 4263 612 4320 beneﬁcium
644 4269 871 4318 teneret.
903 4261 1279 4333 Venerintque
1314 4278 1503 4318 omnes
1528 4271 1641 4319 tam
1671 4280 1740 4319 ex
1767 4264 1886 4337 ipso

270 4352 572 4418 comitatu,
605 4367 769 4422 quam
808 4358 863 4405 et
899 4350 964 4405 de
1003 4350 1234 4422 reliquis
1268 4351 1627 4408 circumcirca
1669 4353 1883 4423 positis,
1920 4390 1967 4450 Β

273 4439 715 4512 depopulatique
744 4438 993 4495 eamdem
1025 4439 1233 4494 fuerint
1255 4439 1476 4506 silvam,
1498 4440 1617 4511 ipso
1646 4440 1891 4497 Grivone

274 4537 569 4601 prazsente,
591 4544 655 4583 ac
684 4526 1012 4599 quibusdam
1044 4526 1267 4583 villanis
1296 4544 1414 4583 eam
1447 4527 1736 4597 vendente,
1762 4530 1888 4601 qui-

275 4615 513 4673 busdam
544 4615 908 4687 perdonante,
927 4615 1306 4689 audierhiiqtie
1336 4617 1473 4684 haec,
1506 4626 1566 4673 ut
1591 4627 1724 4689 puta
1748 4618 1891 4674 sicut

277 4707 350 4762 de
382 4714 493 4760 tam
529 4706 802 4777 vulganda
828 4723 907 4773 re,
940 4706 1408 4780 sustinuerimque
1448 4724 1619 4780 usque
1659 4709 1728 4765 ad
1766 4708 1892 4780 pla-

278 4798 461 4853 citum
492 4794 639 4867 quod
664 4795 714 4849 ei
737 4795 1171 4868 designaveram.
1212 4798 1320 4865 Qui
1349 4799 1482 4854 dum
1514 4816 1624 4855 non
1654 4799 1889 4868 venerit,

278 4901 388 4940 nec
422 4882 654 4939 missum
693 4900 804 4939 suae
843 4885 1216 4943 excusationis
1259 4888 1329 4943 ad
1374 4903 1460 4942 me
1500 4887 1890 4956 transmiserit,

270 4974 395 5045 jam
420 4971 647 5028 tandem
669 4971 914 5028 miserim
936 4975 1137 5031 rescire
1163 4976 1210 5031 si
1242 4992 1371 5031 vera
1397 4984 1575 5031 essent
1600 4993 1720 5048 quae
1749 4973 1891 5032 dice-

278 5062 519 5129 bantur;
542 5061 966 5134 invenerintque
987 5063 1143 5119 missi
1164 5064 1273 5118 mei
1296 5064 1541 5118 eamdem
1564 5063 1759 5119 silvam
1775 5065 1894 5121 sine

277 5165 520 5206 numero
546 5149 785 5205 villanos
805 5150 1169 5220 destruentes,
1202 5167 1264 5207 ac
1293 5166 1525 5223 quercus
1554 5152 1895 5208 semiincisas

281 5239 344 5294 in
394 5225 672 5311 reliquum
710 5237 1093 5309 destruendas,
1118 5256 1322 5313 perque
1350 5240 1711 5297 circumcirca
1737 5257 1896 5297 cam-

280 5343 387 5400 pos
427 5327 675 5385 densiter
716 5345 837 5403 quae
880 5329 1104 5402 perduci
1147 5330 1215 5387 ad
1258 5329 1455 5387 domus
1496 5330 1895 5388 destruentium

282 5432 401 5472 non
430 5424 686 5489 poterant
714 5417 982 5489 jacentes,
1016 5428 1070 5476 et
1100 5420 1181 5476 sic
1203 5419 1483 5491 jusserim,
1524 5427 1586 5475 ut
1625 5436 1694 5475 ex
1731 5420 1899 5477 verbo

282 5529 413 5569 meo
442 5512 703 5570 omnibus
731 5513 1068 5587 prohiberet,
1101 5530 1171 5571 ne
1207 5512 1445 5586 amplius
1486 5528 1603 5568 eam
1644 5511 1902 5569 destrue-

584 5611 823 5672 PATBOL.
864 5611 1122 5671 CXXIV.

1984 1765 2126 1820 velle
2162 1774 2379 1834 terram,
2414 1784 2514 1824 nec
2545 1785 2727 1824 meum
2758 1786 2812 1824 se
2847 1784 2961 1825 esse
2992 1769 3243 1826 futurum
3273 1770 3579 1842 hominem,

1985 1877 2161 1933 neque
2191 1879 2431 1934 unquam
2462 1880 2562 1934 pro
2589 1866 2709 1935 ipso
2737 1863 3007 1921 beneficio
3028 1881 3139 1921 non
3169 1868 3349 1922 solum
3383 1882 3493 1922 non
3521 1866 3592 1923 ad

1986 1950 2238 2015 Romam,
2269 1967 2457 2006 verum
2492 1968 2594 2008 nec
2630 1959 2848 2007 tantum
2888 1954 3276 2025 longitudinis,
3324 1964 3591 2026 quantum

1986 2036 2055 2091 ad
2084 2054 2236 2092 suam
2268 2038 2505 2093 restabat
2534 2041 2898 2109 mansionem,
2942 2050 3340 2112 perrecturum.
3386 2042 3593 2098 Addidi

1987 2141 2203 2197 quoque
2234 2126 2380 2198 quod
2412 2128 2591 2197 ipsum
2620 2128 2951 2184 beneﬁcium
2992 2129 3212 2201 penitus
3252 2129 3592 2189 destructum

1987 2214 2234 2280 haberet,
2258 2214 2401 2270 sicut
2421 2223 2476 2269 et
2497 2214 2663 2270 habet
2683 2223 2736 2270 et
2756 2225 3001 2287 apparet,
3034 2218 3414 2291 familiamque
3432 2210 3596 2275 Imul-

1988 2302 2215 2357 timodis
2240 2311 2431 2358 contra
2464 2305 2634 2374 legem
2673 2313 2947 2361 vexatam.
2997 2305 3103 2371 Qui
3145 2307 3367 2377 negavit
3408 2324 3594 2363 coram

1988 2408 2111 2463 rege
2139 2408 2195 2448 se
2220 2409 2331 2447 non
2354 2392 2692 2447 destruxisse
2722 2392 2873 2447 illam
2902 2394 3121 2463 silvam,
3156 2399 3447 2450 nec'suum
3479 2412 3596 2452 esse

1987 2480 2328 2536 destructum
2362 2480 2712 2547 beneficium,
2737 2496 2838 2535 nec
2863 2480 2939 2535 ita
2958 2497 2990 2535 a
3020 2498 3107 2537 me
3134 2481 3469 2551 discessisse,
3500 2485 3595 2541 sed

1987 2585 2097 2624 non
2132 2569 2371 2641 potuisse
2402 2585 2586 2623 coram
2619 2585 2705 2623 me
2734 2568 2800 2623 ad
2828 2570 2999 2624 ullam
3028 2571 3218 2626 venire
3257 2570 3593 2629 reddendam

1988 2658 2278 2714 rationem.
2313 2659 2427 2729 Ego
2455 2663 2636 2713 autem
2672 2673 2783 2712 non
2814 2657 3078 2714 habebam
3110 2659 3240 2715 illos
3268 2654 3417 2731 quos.
3444 2677 3595 2733 prae-

1989 2748 2205 2820 scripsi,
2262 2764 2364 2803 nec
2417 2746 2555 2802 alios
2610 2746 2704 2818 qui
2760 2762 2975 2801 mecum
3028 2755 3163 2802 tunc
3224 2748 3469 2818 fuerunt,
3539 2758 3593 2807 et

1991 2836 2094 2893 hoc
2131 2836 2389 2893 similiter
2435 2835 2619 2892 sciunt
2656 2835 2786 2907 quia
2830 2835 2945 2891 illis
2988 2835 3183 2892 diebus
3229 2837 3285 2892 in
3330 2837 3594 2898 Harduici

1988 2923 2388 2995 archiepiscopi
2419 2922 2800 2978 mansionibus
2829 2939 2930 2994 pro
2956 2940 3118 2980 causa
3155 2927 3406 2997 superius
3444 2943 3597 2997 pra:-

1989 3022 2175 3069 taxata
2226 3013 2375 3068 solus
2438 3022 2682 3069 moratus
2735 3013 3074 3069 exstiteram.
3144 3015 3297 3071 Tunc
3359 3016 3596 3072 domnus

1991 3120 2089 3160 rex
2122 3102 2289 3169 dixit,
2322 3103 2451 3173 quia
2478 3102 2524 3156 si
2555 3101 2651 3156 ille
2682 3102 2853 3171 ipsam
2885 3102 3104 3169 silvam,
3137 3110 3199 3156 ut
3225 3103 3461 3171 dicebat,
3491 3122 3596 3161 nu-

1988 3193 2199 3258 trierat,
2250 3205 2412 3261 quam
2458 3196 2611 3259 pater
2654 3205 2786 3244 suus
2833 3189 3069 3246 nutrisse
3116 3200 3378 3263 coeperat,
3428 3201 3482 3248 et
3526 3209 3596 3248 ex

1989 3298 2053 3337 eo
2106 3279 2299 3335 amicis
2353 3278 2466 3334 suis
2522 3295 2632 3333 non
2697 3277 3053 3346 destruendo,
3115 3279 3209 3334 sed
3273 3298 3400 3336 cum
3468 3297 3596 3335 ma-

1990 3376 2149 3424 nacta
2204 3367 2462 3433 dedisset,
2512 3375 2606 3422 aut
2662 3366 2707 3421 si
2757 3365 2827 3420 ad
2882 3383 3034 3420 suam
3091 3368 3471 3424 necessitatem
3526 3386 3596 3424 ex

1990 3475 2054 3513 ea
2093 3472 2220 3512 cum
2268 3471 2524 3510 mensura
2562 3454 2878 3525 accepisset,
2912 3471 3010 3525 pro
3040 3455 3145 3511 hoc
3175 3471 3285 3511 non
3317 3456 3598 3514 debuisset

1993 3545 2131 3601 illud
2160 3545 2488 3600 beneficium
2521 3544 2793 3599 amittere.
2825 3543 2985 3609 Quod
3015 3545 3203 3601 nullus
3234 3553 3316 3601 est
3353 3546 3447 3619 qui
3490 3563 3598 3603 ne—

1993 3652 2115 3706 gare
2163 3634 2333 3706 possit
2381 3634 2425 3689 si
2472 3633 2569 3688 ille
2612 3633 2691 3689 ita
2734 3634 2990 3690 fecisset:
3034 3633 3126 3689 sed
3161 3632 3276 3706 ipse
3305 3635 3449 3692 sicut
3476 3635 3598 3692 dixi
3632 3684 3635 3687 .

1992 3722 2142 3789 fecit,
2178 3720 2326 3794 quod
2354 3729 2537 3777 tamen
2568 3729 2631 3778 ut
2671 3722 2912 3795 praemisi
2958 3738 3139 3779 coram
3187 3739 3311 3796 rege
3354 3724 3594 3797 negavit.

1990 3815 2151 3870 Dixit
2179 3820 2363 3868 autem
2398 3829 2515 3882 rex,
2562 3813 2708 3886 quod
2758 3813 2897 3870 illud
2944 3814 3091 3886 quod
3135 3814 3374 3879 dicebat,
3422 3832 3599 3888 neque

1987 3906 2288 3980 judicando
2304 3906 2533 3975 diceret,
2554 3907 2700 3979 quod
2722 3915 2906 3964 tamen
2923 3906 3071 3979 juste
3096 3915 3149 3963 et
3170 3908 3597 3977 rationabiliter,

1994 3997 2136 4051 sicut
2170 3995 2311 4062 dixi,
2345 3996 2445 4050 iste
2474 3997 2636 4052 aliter
2672 4014 2784 4053 non
2828 3997 3069 4065 fecisset,
3120 3997 3230 4053 dici
3269 4005 3324 4053 et
3359 3996 3601 4069 judicari

1996 4091 2194 4156 posset.
2232 4083 2317 4137 Me
2354 4091 2536 4138 autem
2578 4092 2711 4141 tunc
2745 4087 3087 4155 persistente,
3135 4088 3283 4158 quod
3329 4088 3461 4143 satis
3506 4086 3599 4142 ha-

1994 4169 2120 4224 bere
2151 4185 2362 4239 possem
2394 4168 2460 4224 de
2490 4169 2627 4225 meis
2655 4171 2747 4241 qui
2779 4186 2841 4226 ea
2870 4189 2991 4242 quae
3018 4172 3269 4227 dicebam
3298 4175 3601 4230 veridicare

1994 4258 2262 4325 valerent,
2299 4257 2536 4313 domnus
2565 4274 2663 4312 rex
2691 4258 2887 4314 videns
2919 4257 2998 4313 ibi
3029 4274 3250 4314 causam
3294 4276 3405 4314 non
3444 4276 3601 4330 posse

1996 4347 2166 4415 ﬁniri,
2193 4346 2413 4402 distulit
2441 4361 2558 4400 eam
2590 4350 2762 4417 uSque
2790 4344 2924 4400 dum
2952 4364 2985 4401 a
3008 4345 3336 4401 Silvanectis
3366 4354 3600 4402 reverte-

1998 4443 2149 4491 retur
2180 4435 2237 4490 in
2269 4434 2519 4506 sequenti
2551 4432 2894 4489 hebdomada
2923 4433 3060 4488 feria
3090 4443 3311 4505 quarta;
3346 4451 3474 4489 nam
3504 4434 3602 4490 illa

1999 4524 2116 4579 dies
2148 4540 2257 4595 quo
2278 4522 2395 4578 haec
2422 4529 2542 4577 acta
2571 4529 2700 4576 sunt
2723 4516 2841 4576 dies
2871 4520 3194 4577 Dominicus
3218 4530 3334 4577 erat
3358 4540 3368 4577 :
3398 4521 3601 4593 jussit—

2000 4631 2104 4689 que
2148 4624 2211 4671 ut
2256 4614 2508 4669 homines
2556 4628 2707 4668 meos
2754 4611 2919 4683 hujus
2960 4613 3040 4668 rei
3089 4612 3340 4670 conscios
3385 4628 3603 4670 mecum

2001 4703 2348 4769 adducerem,
2401 4710 2455 4756 et
2501 4700 2581 4758 sic
2629 4717 2791 4757 causa
2842 4700 3117 4771 ﬁniretur,
3166 4702 3316 4775 quod
3370 4708 3423 4758 et
3472 4701 3601 4770 feci,

2001 4796 2197 4871 dieque
2227 4804 2435 4853 statuta
2467 4795 2643 4865 adfui,
2675 4795 2769 4852 sed
2806 4811 2909 4853 nec
2950 4794 3275 4864 Actardum,
3317 4811 3420 4853 nec
3465 4795 3603 4852 Bai-

2003 4886 2270 4955 nelmum,
2323 4902 2424 4942 nec
2475 4885 2739 4942 Joannem
2788 4884 3090 4958 episcopos,
3148 4885 3243 4957 qui
3294 4884 3604 4955 cognitores

2002 4980 2141 5035 mihi
2188 4998 2215 5035 a
2258 4979 2418 5035 vobis
2458 4978 2574 5035 dati
2618 4979 2854 5047 fuerant,
2906 4986 2960 5034 et
2999 4979 3109 5034 nisi
3149 4977 3363 5047 judicio
3412 4991 3603 5032 eorum

2003 5067 2493 5123 contradicendum
2515 5075 2787 5139 putarem,
2814 5066 2883 5121 ad
2915 5064 3299 5137 synodumque
3329 5078 3606 5135 provoca-

2003 5171 2118 5211 rem
2144 5154 2361 5227 judices
2388 5154 2505 5211 fore
2536 5157 2866 5228 potuissent,
2890 5153 3009 5208 sine
3038 5153 3240 5226 quibus
3264 5167 3427 5208 causa
3455 5150 3608 5206 ﬁniri

2005 5262 2116 5301 non
2149 5251 2383 5316 poterat,
2406 5232 2491 5300 ibi
2523 5244 2734 5301 inveni.
2766 5245 2911 5316 Ergo
2949 5243 3096 5318 quod
3133 5241 3318 5299 dicitis
3355 5257 3442 5297 me
3481 5248 3608 5297 ante

2006 5331 2396 5390 diﬂinitionem
2424 5340 2619 5388 contra
2642 5347 2826 5389 sacros
2853 5346 3092 5387 canones
3117 5330 3236 5387 sine
3269 5330 3385 5386 ulla
3412 5343 3610 5385 neces-

2008 5422 2168 5479 sitate
2196 5421 2282 5476 vel
2316 5420 2527 5475 ratione
2557 5421 2685 5492 fuga
2718 5420 2954 5492 lapsum,
2987 5426 3041 5475 et
3070 5418 3374 5491 regularem
3404 5416 3609 5474 difﬁni-

2008 5512 2218 5569 tionem
2266 5498 2581 5582 exspeotare
2627 5508 3041 5582 contempsisse,
3099 5524 3223 5567 ecce
3269 5516 3416 5582 patet
3460 5505 3610 5582 quod

3286 5602 3358 5662 33
