4056 6190
499 218 522 271 1
534 216 639 276 O35

1535 211 1882 269 HINCMARI
1922 210 2401 267 LUGDUNENSIS
2442 209 2755 265 EPISCOPI

3660 206 3791 262 1036

497 385 610 426 non
662 367 984 440 contempsi,
1042 368 1302 439 quoniam
1352 367 1429 421 ita
1483 367 1626 421 sicut
1672 352 2085 436 praemonsiravi
2114 369 2165 439 Α
2195 364 2347 436 quasi
2379 363 2661 434 exemplar
2702 361 3035 430 earumdem,
3079 362 3257 431 legere
3301 375 3385 414 me
3422 367 3705 429 rogantes,
3748 370 3803 417 et

496 477 671 517 causae
723 458 921 515 adfui:
980 474 1080 513 nec
1134 456 1322 511 decere
1372 455 1805 526 magnitudinem
1859 463 2093 508 vestram

497 549 765 619 intelligo,
798 557 860 603 ut
898 564 981 602 me
1020 552 1129 600 tam
1170 562 1309 617 saepe
1349 552 1780 615 contemptorem
1823 560 2092 598 canonum

495 636 834 703 describatis,
870 637 1014 707 quod
1044 634 1286 689 nondum
1320 634 1405 688 vel
1430 634 1487 688 in
1509 651 1621 689 uno
1642 633 1827 705 aliquo
1849 628 2093 687 evidenti

494 727 824 783 documento
857 724 1083 796 probare.
1114 723 1391 794 potuistis.

562 844 642 898 De
672 858 735 899 eo
766 855 896 895 vero
927 838 1073 911 quod
1102 837 1311 901 dicitis,
1342 837 1459 891 sine
1498 836 1611 890 ulla
1649 832 1969 890 necessitate
2008 834 2093 889 vel

493 931 705 987 ratione
736 929 859 1000 fuga
891 929 1124 999 lapsum,
1156 927 1329 980 fateor
1358 942 1458 980 nec
1491 924 1629 979 ratio
1660 941 1762 979 nec
1801 923 2095 978 necessitas

493 1020 607 1075 fore
650 1018 928 1075 debuisset
973 1015 1287 1071 devenienti
1336 1015 1393 1068 in
1442 1013 1541 1068 hos
1586 1013 1722 1067 fines
1769 1013 2092 1068 saeculorum

492 1108 550 1163 id
582 1107 717 1161 mihi
750 1107 945 1165 facere,
981 1104 1074 1175 qui
1107 1119 1377 1174 nusquam
1412 1102 1497 1155 vel
1526 1118 1805 1173 nunquam
1831 1102 1887 1155 in
1909 1102 2095 1172 aliquo

492 1203 680 1253 contra
714 1209 1041 1267 quemquam
1073 1192 1205 1263 quid
1232 1192 1337 1264 egi,
1370 1208 1466 1263 pro
1488 1208 1597 1263 quo
1628 1189 1764 1244 mihi
1795 1191 1980 1261 fugere
2003 1207 2096 1260 per

494 1283 761 1340 rationem
814 1281 1107 1338 necessitas
1155 1288 1313 1348 esset,
1373 1289 1466 1335 aut
1514 1278 1775 1351 diffugere
1824 1279 2091 1333 rationem

494 1374 704 1433 occasio
736 1370 1097 1427 incumberet.
1142 1370 1211 1424 Et
1242 1369 1365 1425 ideo
1396 1370 1582 1439 fugere
1615 1368 1753 1423 mihi
1783 1377 1975 1424 contra
2009 1385 2093 1423 ra-

491 1464 699 1520 tionem
751 1469 1049 1534 contraque
1088 1476 1279 1516 omnes
1315 1460 1458 1530 leges
1500 1468 1610 1513 tam
1662 1457 1885 1513 divinas
1931 1474 2091 1530 quam

491 1553 761 1608 humanas
816 1567 1032 1606 necesse
1086 1566 1199 1605 esse
1250 1565 1359 1604 non
1406 1547 1703 1616 debuisset,
1754 1547 1800 1603 si
1852 1547 1990 1602 ratio
2041 1553 2095 1601 et

491 1643 788 1701 auctoritas
819 1642 1070 1698 ordinem
1097 1648 1151 1695 et
1182 1639 1363 1695 locum
1396 1656 1555 1693 suum
1590 1638 1647 1692 in
1681 1655 1765 1693 me
1795 1638 2095 1709 qualicun-

2206 453 2283 507 sic
2310 452 2496 507 statim
2530 451 2656 505 inde
2688 451 3028 523 respondere,
3059 456 3113 504 et
3134 456 3195 502 ut
3226 449 3508 520 perlegens
3540 449 3594 503 id
3630 449 3800 521 ipsum

2205 543 2483 612 exemplar
2512 542 2668 595 vobis
2694 541 2942 613 protinus
2967 539 3243 594 redderem
3271 538 3632 609 praecepistis.
3658 540 3804 595 Sicut

2204 637 2383 683 autem
2434 637 2617 700 postea
2667 646 2761 701 per
2801 628 2951 683 aliud
2992 626 3162 682 didici
3208 627 3510 697 exemplar,
3556 628 3715 698 plura
3749 629 3802 683 in

2206 717 2453 773 indiculo
2500 727 2680 773 vestro
2731 719 2867 773 mihi
2917 724 3137 773 ostenso
3184 716 3499 771 defuerunt.
3558 717 3804 773 Tractata

2206 819 2333 865 sunt
2363 810 2419 864 in
2450 810 2637 865 eodem
2675 811 2953 865 Attiniaco
2984 826 3015 864 a
3054 809 3258 863 domno
3298 824 3423 879 rege
3463 825 3560 879 per
3596 809 3803 880 aliquot

2204 901 2319 957 dies
2350 919 2468 973 quae
2497 903 2615 957 visa
2646 912 2794 958 sunt.
2832 902 2967 959 Cum
3005 911 3185 956 autem
3227 899 3609 971 designaretur
3652 901 3803 958 nobis

2204 989 2320 1046 dies
2368 1000 2565 1059 certus,
2619 991 2673 1044 in
2723 1008 2832 1063 quo
2884 989 3174 1062 synodalia
3227 996 3441 1043 tantum
3491 989 3801 1047 debuissent

2205 1079 2483 1146 ventilari,
2515 1079 2606 1151 qui
2641 1080 2858 1135 futuros
2890 1087 3005 1135 erat
3047 1087 3197 1133 sexta
3240 1078 3395 1145 feria,
3440 1078 3662 1147 adveni,
3710 1099 3801 1137 vos

2205 1177 2382 1225 autem
2416 1170 2649 1241 contigit
2679 1187 2788 1225 non
2822 1171 3059 1225 venisse.
3084 1171 3287 1224 Omnes
3315 1185 3534 1242 quoque.
3555 1170 3799 1227 homines

2208 1260 2311 1313 mei
2354 1258 2420 1313 ad
2468 1275 2658 1314 causas
2704 1257 2915 1314 banniti
2967 1266 3113 1325 sunt,
3164 1259 3237 1314 ita
3282 1268 3344 1314 ut
3374 1275 3473 1314 nec
3504 1274 3645 1314 unus
3673 1261 3796 1317 dum

2205 1354 2437 1407 redirem
2480 1351 2545 1405 ab
2589 1351 2778 1405 eodem
2820 1352 3023 1421 palatio
3064 1367 3149 1405 me
3188 1350 3341 1422 sequi
3385 1352 3681 1420 permissus
3707 1352 3790 1408 sit.

2203 1441 2542 1496 Nortmanno
2575 1440 2679 1496 hoc
2709 1449 2898 1512 agente
2929 1458 3027 1512 pro
3059 1440 3193 1494 villa
3234 1439 3514 1507 Pauliaco,
3556 1457 3620 1495 eo
3658 1442 3792 1513 quod

2204 1534 2357 1587 illam
2385 1532 2734 1587 concessione
2766 1532 2931 1603 regia,
2961 1542 3012 1587 et
3039 1530 3339 1602 apostolica
3367 1531 3533 1586 etiam
3564 1541 3626 1587 ut
3652 1534 3795 1589 scitis

2202 1622 2530 1675 auctoritate
2562 1621 2851 1693 recipiens,
2889 1638 2971 1675 me
2998 1621 3164 1676 iidem
3200 1620 3455 1675 homines
3478 1620 3533 1674 in
3556 1619 3795 1675 eamdem

491 1750 595 1805 que
625 1733 880 1804 episcopo
911 1730 1303 1788 vindicassent.
1338 1730 1442 1784 Sed
1476 1730 1617 1783 sicut
1648 1727 1806 1783 vobis
1839 1727 1895 1781 in
1933 1728 2096 1783 initio
2126 1726 2169 1783 B
2202 1709 2391 1805 "illam
2425 1710 2597 1805 δθξιυίί
2630 1719 2796 1805 ξιξῐηε
2832 1728 2955 1765 Cum
2986 1718 3193 1805 ῖξίῖξλοηθ
3214 1710 3258 1765 εί
3285 1726 3384 1805 "[39
3405 1709 3549 1805 mihi
3571 1727 3795 1805 goncfs-

400 1814 405 1818 ’
489 1823 754 1878 missatici
791 1823 1066 1889 mandavi,
1101 1820 1305 1875 Silvaci
1338 1836 1547 1874 memor
1595 1818 1672 1873 fui
1720 1817 1814 1871 ubi
1858 1836 1955 1873 vos
2001 1818 2091 1872 ad-

488 1909 693 1975 fuistis,
726 1910 872 1982 quod
905 1908 1043 1964 mihi
1072 1908 1212 1963 nihil
1248 1909 1453 1978 profuit
1493 1906 1585 1961 sed
1620 1906 1820 1973 obfuit,
1858 1907 1950 1977 qui
1994 1923 2090 1977 pro

487 2014 551 2054 eo
581 2000 930 2055 solummodo
964 2008 1205 2053 retentus
1233 1998 1334 2064 fui,
1368 2015 1435 2052 ne
1470 2001 1693 2054 Romam
1730 1999 1919 2052 domui
1964 2016 2087 2069 apo-

488 2087 669 2142 stolici
698 2087 979 2160 praeceptis
1008 2087 1270 2142 obediens
1302 2087 1459 2155 irem,
1502 2088 1649 2159 quod
1678 2104 1707 2142 a
1738 2089 1937 2142 saeculo
1976 2104 2087 2143 non

487 2183 568 2230 est
595 2176 661 2232 de
686 2176 941 2248 epiSCOpo
964 2176 1029 2229 ab
1050 2175 1320 2246 episcopis
1345 2175 1619 2231 auditum.
1650 2179 1725 2231 De
1750 2177 1875 2247 fuga
1904 2184 2086 2233 autem

485 2280 592 2337 qua
634 2280 718 2319 me
758 2264 1182 2336 reprehenditis,
1230 2281 1337 2319 non
1370 2282 1469 2335 ego
1498 2266 1591 2336 qui
1625 2265 1918 2339 nihilgsum
1949 2284 1961 2333 ;
1993 2265 2085 2320 sed

485 2362 685 2410 cuncto
718 2353 837 2408 orbi
870 2371 1005 2425 papa
1039 2354 1379 2409 venerandus
1408 2363 1461 2409 et
1491 2354 1823 2409 venerabilis
1850 2371 2086 2427 respon—

483 2443 607 2501 deat
636 2444 837 2510 Julius,
874 2445 951 2499 ita
979 2445 1224 2500 scribens
1253 2444 1321 2499 ad
1352 2443 1674 2511 Eusebium,
1717 2444 2082 2515 Theognium,

483 2534 829 2589 Theodorum
862 2550 923 2589 ac
952 2534 1259 2603 Berintum,
1291 2535 1640 2605 reliquosque
1672 2535 1739 2590 ad
1780 2536 2086 2592 Orientales

482 2624 766 2695 episcopos
809 2622 983 2693 (epist.
1029 2625 1087 2677 11
1142 2624 1213 2678 ad
1257 2623 1526 2693 0rient.):
1585 2623 1802 2694 «Igitur
1840 2624 1905 2679 de
1936 2625 2084 2696 fuga,

481 2728 644 2785 super
664 2728 770 2784 qua
788 2711 1150 2767 Athanasium
1174 2712 1597 2783 reprehenditis,
1615 2729 1723 2767 non
1742 2721 1886 2769 recte
1901 2715 2082 2785 agitis,

480 2817 604 2856 cum
619 2801 733 2869 ipse
757 2800 1027 2855 Dominus
1045 2800 1361 2854 mandatum
1382 2800 1541 2856 nobis
1564 2802 1669 2857 hoc
1690 2802 1929 2860 dederit:
1954 2806 2083 2859 Cum

473 2888 733 2959 persecuti
782 2904 873 2941 vos
915 2887 1117 2956 fuerint
1166 2888 1219 2941 in
1266 2906 1429 2943 imam
1478 2890 1763 2959 civitatem,
1813 2892 1977 2963 fugite
2026 2896 2081 2949 in

477 2980 645 3035 aliam
679 2980 890 3052 (Matth.
925 2980 1015 3057 x).
1042 2981 1111 3034 Et
1140 2979 1253 3051 ipse
1286 2979 1556 3037 Dominus
1590 2998 1685 3054 per
1722 2985 2079 3053 semetipsum

2201 1798 2353 1852 sione
2384 1798 2529 1869 regia
2559 1799 2895 1867 redderetur,
2924 1799 3049 1872 quia
3073 1800 3127 1853 in
3162 1799 3423 1870 parochia
3456 1798 3593 1853 mihi
3627 1816 3657 1852 a
3693 1800 3795 1855 Deo

2200 1904 2453 1945 concessa
2484 1889 2670 1944 eadem
2703 1890 2956 1945 consistit
2986 1890 3138 1957 villa,
3181 1890 3433 1947 excusari
3478 1890 3792 1955 debuerant,

2200 1975 2245 2031 si
2292 1993 2396 2045 me,
2445 1977 2599 2048 cujus
2641 1978 3011 2033 ministerium
3054 1978 3220 2050 ipsam
3260 1979 3506 2033 intrandi
3534 1979 3791 2034 canonica

2200 2065 2478 2120 sanctione
2509 2074 2646 2134 erat,
2688 2067 2746 2121 in
2791 2068 2942 2122 illam
2989 2075 3367 2140 sequerentur.
3407 2066 3513 2123 Sed
3555 2068 3696 2122 miro
3740 2068 3788 2121 in

2200 2157 2361 2211 modo
2412 2174 2552 2211 nova
2602 2159 2717 2228 lege
2765 2167 2945 2214 actum
2993 2167 3092 2228 est,
3134 2167 3195 2214 ut
3242 2159 3355 2229 ipse
3401 2158 3790 2226 Nortmannus,

2201 2255 2384 2318 raptor
2413 2265 2472 2304 ac
2507 2266 2782 2304 sacrarum
2814 2267 2997 2305 rerum
3031 2267 3306 2321 pervasor,
3350 2250 3497 2305 unde
3538 2257 3593 2305 et
3632 2250 3793 2305 sacri-

2198 2340 2367 2408 legus,
2402 2340 2535 2410 quin
2565 2349 2617 2395 et
2650 2342 2754 2394 nisi
2784 2358 2849 2395 ex
2875 2340 2962 2395 his
2985 2339 3146 2395 rebus
3174 2357 3230 2395 se
3250 2348 3477 2395 exueret
3503 2341 3795 2412 apostolica

2196 2427 2519 2482 auctoritate
2583 2430 3131 2496 excommunicatus,
3200 2446 3401 2500 perque
3459 2430 3573 2483 oris
3631 2430 3791 2485 vestri

2195 2516 2459 2585 cilicium,
2506 2525 2564 2573 ut
2603 2534 2658 2572 se
2698 2518 3030 2574 authenticos
3065 2518 3259 2573 litterae
3290 2515 3451 2572 vobis
3481 2517 3661 2572 missae
3694 2519 3793 2573 ha-

2196 2604 2344 2672 bent,
2379 2607 2743 2677 repellendus,
2777 2624 2807 2662 a
2838 2624 2922 2661 me
2948 2607 3108 2662 etiam
3137 2605 3509 2679 qualicunque
3539 2608 3791 2679 episc0po

2194 2711 2290 2765 pro
2321 2695 2649 2765 specialibus
2681 2696 2735 2751 in
2767 2697 2993 2752 ecclesia
3033 2697 3381 2752 Laudunensi
3429 2696 3692 2752 admissis
3730 2696 3792 2751 ab

2170 2785 2419 2840 ecclesia
2449 2793 2836 2856 sequestratus,
2872 2804 2980 2841 non
3014 2788 3195 2858 exegit
3227 2787 3352 2842 talis
3383 2786 3575 2842 taliter
3606 2787 3791 2841 exsol-

2192 2890 2317 2928 vere
2348 2891 2465 2946 qum
2496 2892 2604 2930 non
2640 2875 2942 2947 rapuimus,
2975 2892 3075 2931 nec
3116 2875 3363 2949 rapinam
3401 2875 3658 2932 arbitrati
3694 2894 3788 2932 su-

2192 2978 2313 3016 mus
2342 2970 2449 3016 tam
2484 2964 2650 3035 digna
2682 2967 2938 3037 aequitate
2977 2966 3064 3020 vel
3106 2982 3225 3020 sero
3261 2983 3379 3039 quae
3419 2975 3609 3021 nostra
3642 2971 3787 3020 erant
3829 2980 3846 2997 ο

477 3070 791 3142 exemplum
822 3052 1222 3136 demonstrans,
1243 3070 1463 3141 quando
1491 3070 1752 3127 Pharisaei
1781 3073 2073 3127 consilium

2189 3052 2502 3123 recipiendo
2535 3055 2831 3125 possidere,
2866 3072 2985 3127 quze
3016 3056 3130 3128 ipse
3160 3064 3267 3111 tam
3303 3057 3540 3113 nefanda
3576 3057 3789 3128 iniqui-

474 3156 723 3213 fecerunt
768 3157 1029 3212 adversus
1069 3174 1191 3213 eum
1232 3165 1291 3212 ut
1334 3158 1669 3225 occiderent,
1710 3160 1874 3215 sciens
1902 3168 2076 3215 autem

472 3248 622 3303 Iesus
668 3247 903 3301 discessit
942 3248 1061 3301 inde
1092 3249 1302 3318 (Matth.
1336 3248 1442 3319 xu)
1475 3266 1488 3315 ;
1524 3256 1576 3303 et
1606 3248 1777 3304 alibi:
1821 3253 2077 3307 Tulerunt

474 3336 672 3406 lapides
707 3336 882 3391 ,ἵειάωί
922 3344 979 3391 ut
1020 3338 1281 3393 mitterent
1326 3356 1484 3409 super
1524 3356 1637 3392 eum
1659 3357 1678 3403 ;
1716 3340 1865 3394 Jesus
1902 3349 2075 3397 autem

469 3425 739 3480 abscondit
783 3443 854 3494 se,
918 3434 965 3480 et
1012 3429 1174 3482 exivit
1219 3429 1280 3484 de
1330 3431 1539 3501 templo,
1588 3436 1635 3484 et
1680 3431 1939 3486 transiens
1976 3449 2074 3502 per

470 3514 696 3568 medium
725 3531 904 3568 eorum
932 3516 1067 3569 abiit
1097 3517 1248 3584 (Luc.
1285 3534 1360 3582 Iv,
1391 3518 1549 3573 Joan.
1590 3520 1738 3588 viti),
1771 3527 1823 3573 et
1864 3522 1939 3573 ita
1978 3518 2075 3573 di-

470 3603 677 3658 scessit.
718 3602 853 3658 Nam
893 3610 946 3657 et
977 3603 1235 3671 discipuli
1268 3612 1489 3674 propter
1520 3614 1723 3659 unctum
1756 3609 2071 3664 Iudaeorum

471 3698 808 3747 recesserunt
836 3691 1075 3746 celantes
1103 3691 1425 3762 semetipsos
1457 3694 1638 3762 (Joan.
1672 3696 1795 3763 xx),
1831 3703 1884 3749 et
1922 3698 2073 3753 Pau-

469 3781 555 3836 lus
583 3778 640 3834 in
671 3782 935 3835 Damasco
966 3796 996 3834 a
1027 3779 1273 3852 principe
1302 3778 1478 3850 gentis
1510 3781 1769 3851 quaasitus
1807 3783 1873 3837 de
1915 3802 2071 3842 muro

467 3869 525 3923 in
557 3877 741 3940 sporta
769 3868 1048 3940 depositus
1076 3876 1176 3933 est,
1221 3876 1274 3922 et
1314 3884 1507 3923 manus
1547 3871 1841 3940 quaerentis
1881 3874 2071 3945 effugit

470 3957 560 4027 (ΙΙ
602 3959 708 4012 Cor
769 3957 875 4024 χι),
914 3963 967 4011 et
1001 3955 1095 4009 alii
1128 3955 1522 4027 quamplurimi
1554 3967 1607 4012 et
1640 3957 2070 4019 innumerabiles

467 4043 660 4107 sancti,
712 4049 821 4096 tam
866 4043 923 4097 in
967 4043 1152 4098 Veteri
1198 4060 1358 4115 quam
1402 4045 1459 4099 in
1496 4046 1652 4102 Novo
1697 4049 2064 4121 Testamento,

466 4131 668 4203 fugisse
698 4133 971 4205 leguntur.
1004 4133 1059 4188 Si
1084 4150 1210 4204 ergo
1236 4135 1413 4205 fugam
1439 4136 1822 4208 improperatis
1842 4142 2067 4213 fugien-

464 4222 632 4290 tibus,
665 4222 967 4278 erubescite
999 4223 1181 4294 potius
1214 4225 1486 4295 persequi,
1529 4234 1582 4281 et
1622 4226 1886 4297 quiescite
1921 4231 2067 4285 insi-

463 4312 624 4381 diari,
675 4313 1063 4386 quiescentque
1110 4314 1375 4369 continuo
1425 4316 1716 4386 fugientes.
1768 4319 1903 4374 Nam
1949 4322 2065 4377 sive

2186 3148 2293 3195 tate
2342 3157 2450 3196 non
2503 3143 2789 3213 pertimuit
2838 3160 2931 3216 per
2974 3152 3055 3200 tot
3102 3162 3274 3200 annos
3316 3145 3635 3217 diripuisse.
3683 3145 3788 3200 Nec

2185 3232 2509 3303 profuerunt
2533 3232 2646 3289 haec
2667 3250 2784 3305 quae
2808 3234 2955 3289 intra
2976 3235 3377 3306 plenitudinem
3405 3236 3787 3309 Capitulario-

2185 3338 2306 3375 rum
2358 3321 2544 3375 domui
2596 3321 2773 3378 Caroli
2824 3339 2886 3379 ac
2935 3323 3201 3380 Ludovici
3248 3325 3648 3397 imperatorum
3695 3342 3786 3380 as-

2184 3418 2399 3482 sumpta
2446 3419 2574 3466 sunt
2619 3412 2736 3466 sic:
2788 3412 3175 3484 «Quaecunque
3217 3429 3247 3467 a
3292 3414 3526 3484 singulis
3569 3414 3786 3486 regibus

2182 3498 2327 3552 circa
2385 3506 2752 3553 sacrosanctas
2808 3500 3080 3555 Ecclesias
3138 3510 3268 3556 sunt
3317 3503 3642 3570 constituta,
3699 3501 3780 3557 vel

2182 3587 2382 3657 singuli
2429 3590 2630 3662 quique
2672 3590 2947 3645 antistites
2994 3608 3090 3662 pro
3130 3590 3364 3661 singulis
3402 3591 3784 3648 ecclesiasticis

2182 3682 2564 3753 impetrarunt,
2625 3684 2726 3740 sub
2784 3700 2942 3757 pmna
3001 3683 3269 3755 sacrilegii
3321 3682 3445 3755 jugi
3500 3692 3557 3739 et
3612 3685 3783 3740 solida

2180 3772 2482 3828 aeternitate
2521 3783 2827 3829 serventur.
2852 3774 3051 3830 Clerici
3087 3773 3251 3829 etiam
3286 3789 3395 3827 non
3429 3773 3783 3829 saecularibus

2174 3860 2493 3932 judicibus,
2554 3865 2647 3918 sed
2699 3863 2995 3935 episcopali
3050 3863 3347 3918 audientis;
3405 3872 3776 3919 reserventur.

2179 3951 2280 4006 Fas
2309 3952 2455 4006 enim
2486 3969 2595 4007 non
2627 3961 2708 4009 est
2737 3961 2797 4008 ut
2828 3951 3007 4009 divini
3052 3953 3359 4008 subdantur
3401 3951 3638 4009 arbitrio
3678 3970 3780 4009 see-

2178 4040 2373 4098 culari.
2398 4066 2415 4089 ιι

2246 4135 2380 4189 Item
2412 4134 2466 4188 in
2498 4133 2701 4189 eisdem
2729 4152 2739 4189 :
2791 4161 2805 4181 α
2827 4133 3092 4206 Synodali
3121 4134 3339 4190 decreto
3369 4134 3648 4190 sancitum
3677 4143 3776 4203 est,

2174 4238 2241 4276 ne
2276 4223 2397 4277 laici
2429 4223 2515 4277 vel
2547 4223 2833 4277 saeculares
2862 4223 2929 4277 de
2961 4223 3098 4278 viris
3128 4224 3238 4279 Deo
3269 4223 3469 4280 dicatis
3500 4224 3768 4280 ecclesiae-

2175 4328 2278 4383 que
2312 4312 2665 4390 facultatibus
2694 4311 2900 4385 aliquid
2934 4313 3003 4368 ad
3028 4330 3081 4368 se
3114 4322 3305 4385 putent
3327 4314 3413 4367 vel
3439 4320 3778 4385 praesumant

462 4401 743 4474 perimatis
781 4418 894 4470 eos,
936 4420 1083 4459 mors
1125 4412 1317 4461 contra
1357 4422 1455 4462 vos
1498 4424 1711 4478 semper
1751 4410 2058 4477 exclamat;
2092 4444 2139 4501 Β
2178 4409 2371 4473 limi-91'
2418 4402 2775 4457 FCVBI'eWam
2812 4403 3104 4474 Pertinere,
3153 4420 3387 4476 (Ιιιοτίιίῃ
3434 4419 3779 4476 quarumque

461 4490 577 4544 sive
608 4507 793 4546 rursus
820 4492 1017 4547 exsrlia
1043 4496 1444 4566 superpmatis,
1480 4497 1684 4568 ubique
1715 4495 1771 4551 in
1803 4515 1903 4553 vos
1935 4501 2061 4555 mali

461 4580 782 4634 memoriam
810 4580 1083 4636 destinare
1112 4586 1431 4649 noscimini,
1462 4596 1516 4641 et
1548 4584 1628 4639 illi
1664 4586 1920 4657 patiendo
1950 4589 2055 4643 sibi
2085 4626 2089 4631 ι

459 4668 774 4737 proficiunt.
804 4692 821 4714 ι
882 4668 1089 4723 Indicia
1132 4670 1314 4742 itaque
1353 4675 1694 4730 necessitatis
1731 4693 1884 4744 mete,
1928 4678 2055 4734 licet

454 4753 700 4807 indebita
747 4769 808 4808 ac
858 4754 1083 4826 indigne
1135 4759 1299 4813 etiam
1352 4777 1499 4817 nunc
1540 4764 1681 4818 mihi
1730 4765 2049 4836 fugiendum

453 4840 645 4908 fuisse,
676 4840 805 4912 quia
831 4843 1164 4911 compellitis
1205 4847 1408 4902 vulnus
1451 4865 1612 4918 super
1654 4850 1899 4908 dolorem
1942 4855 2048 4908 ad-

452 4931 659 5000 dentes,
692 4931 999 5003 explicabo.
1044 4933 1293 4990 Vocastis
1333 4954 1417 4991 me
1462 4939 1661 4993 litteris
1706 4948 1897 4997 vestrae
1940 4962 2046 4999 au-

448 5021 720 5078 ctoritatis
748 5016 1090 5079 Attiuiacum
1122 5024 1189 5079 ad
1224 5026 1520 5095 synodum,
1563 5028 1878 5087 intimautes
1917 5035 2045 5106 quia

446 5109 641 5167 litterae
668 5112 856 5169 domui
880 5114 1163 5185 apostolici
1192 5114 1396 5170 domno
1426 5116 1537 5186 regi
1570 5118 1786 5187 Carolo,
1808 5131 1861 5177 et
1886 5126 2039 5195 regni

442 5199 616 5271 ipsius
644 5202 913 5274 episc0pis
944 5201 1162 5259 directe
1196 5205 1432 5272 fuerant,
1463 5204 1530 5261 de
1560 5207 1760 5279 quibus
1791 5211 1908 5267 sine
1938 5230 2039 5284 sy-

441 5289 625 5343 nodali
680 5293 937 5348 consultu
982 5292 1297 5363 responderi
1349 5312 1455 5351 non
1506 5306 1734 5365 poterat,
1786 5303 2038 5373 quamvis

438 5389 528 5427 eas
558 5377 763 5435 litteras
796 5385 849 5436 in
882 5382 1202 5453 Gundulphi
1243 5385 1373 5439 villa
1412 5386 1803 5458 suscepissetis,
1850 5390 1941 5443 ubi
1982 5396 2033 5443 et

436 5478 673 5531 prasens
704 5469 876 5537 adfui,
910 5488 1045 5544 quas
1074 5472 1211 5527 mihi
1252 5473 1455 5530 ibidem
1492 5477 1806 5532 nullatenus
1841 5486 2032 5532 osten-

432 5547 611 5607 distis.
659 5553 795 5611 Cum
844 5566 1025 5614 autem
1066 5561 1408 5618 Attiniacum
1447 5563 1596 5632 veni,
1630 5564 1858 5620 dedistis
1890 5565 2027 5621 mihi

2175 4490 2547 4545 sacerdotibus
2582 4491 2911 4562 disponendi
2942 4491 3250 4546 iudiscusse
3278 4509 3308 4546 a
3335 4493 3448 4547 Deo
3477 4509 3609 4548 cura
3631 4510 3777 4547 com-

2167 4581 2332 4634 missa
2361 4579 2604 4633 docetur.
2640 4581 2692 4633 Si
2728 4580 2850 4650 quis
2878 4590 3069 4635 contra
3113 4580 3229 4636 haec
3258 4580 3450 4635 venire
3497 4599 3777 4653 przesum—

2164 4670 2352 4741 pserit,
2385 4672 2730 4726 anathemate
2763 4672 3007 4726 feriatur.
3033 4696 3049 4716 -
3094 4673 3231 4727 Item
3280 4672 3335 4727 in
3370 4671 3575 4727 eisdem
3603 4691 3613 4726 :
3654 4700 3671 4719 ι
3698 4676 3773 4728 De

2161 4759 2298 4814 viris
2320 4763 2430 4815 Deo
2451 4761 2667 4829 dicatis,
2696 4764 2779 4817 vel
2812 4763 3201 4819 ecclesiasticis
3231 4763 3771 4829 facultatibus,nulla

2160 4850 2359 4919 legitur
2389 4850 2563 4918 laicis,
2597 4852 2850 4923 quamvis
2881 4852 3171 4923 religiosis,
3206 4868 3451 4925 unquam
3500 4853 3765 4907 attributa

2156 4938 2403 4994 facultas.
2441 4940 2584 5011 Ergo
2614 4940 2816 5012 quibus
2846 4957 2958 4996 non
2992 4949 3075 4996 est
3122 4943 3354 4997 facultas
3396 4959 3483 4997 res
3512 4942 3764 4998 ecclesia-

2152 5029 2314 5085 sticas
2370 5029 2678 5103 disponere,
2739 5032 3110 5105 perniciosum
3168 5041 3248 5087 est
3306 5050 3395 5088 eas
3434 5033 3694 5104 diripere.
3728 5056 3746 5077 ι

2151 5118 2285 5171 Item
2344 5118 2399 5172 in
2431 5120 2672 5176 eisdem:
2717 5145 2735 5168 ι
2765 5121 2819 5175 Si
2865 5121 2988 5192 quis
3033 5122 3090 5175 in
3119 5120 3223 5177 hoc
3280 5138 3452 5193 genus
3480 5118 3745 5191 sacrilegii

2150 5212 2478 5282 proruperit,
2538 5211 2688 5265 utin
2742 5211 2998 5266 ecclesias
3036 5227 3332 5282 earumque
3381 5228 3466 5265 res
3520 5212 3745 5277 irruens,

2146 5302 2521 5357 sacerdotibus
2549 5312 2601 5357 et
2636 5302 2907 5358 ministris
2939 5302 3024 5358 vel
3059 5302 3162 5375 ipsi
3195 5302 3370 5356 cultui
3402 5302 3629 5374 locoque
3648 5300 3745 5354 ali-

2145 5391 2279 5462 quid
2308 5392 2453 5463 quod
2485 5408 2593 5449 non
2627 5400 2839 5464 oportet
2861 5390 3079 5463 injuriae
3104 5391 3323 5459 inferat,
3355 5391 3534 5447 divini
3564 5390 3741 5445 cultus

2142 5479 2345 5550 injuria
2394 5482 2681 5538 convictus
2731 5482 2846 5536 sive
2878 5483 3160 5539 confessus
3202 5498 3327 5538 reus
3370 5479 3589 5553 capitali
3620 5494 3730 5532 sen-

2139 5570 2310 5624 tentia
2342 5572 2559 5626 noverit
2589 5569 3009 5628 vindicandum.
3038 5571 3149 5631 Nec
3182 5576 3531 5645 exspectetur
3552 5576 3605 5623 ut
3629 5562 3730 5634 epi-
