4078 6182
274 253 413 308 1037

262 416 468 475 scopus
522 406 742 478 injuria
784 414 1053 473 ultionem
1102 420 1389 492 deposcat,
1457 428 1549 483 cui

261 491 584 561 ignoscendi
614 497 718 551 soli
739 500 966 569 gloriam
994 491 1327 582 derelinquit
1354 555 1368 578 ,
1420 514 1605 587 sicque
1637 528 1852 576 cunctis

258 597 373 638 non
403 585 584 640 solum
626 587 882 658 liberum,
917 594 1010 649 sed
1042 604 1095 651 et
1144 599 1418 659 laudabile
1448 585 1619 663 factas
1646 616 1857 667 atroces

258 672 641 730 sacerdotibus
664 687 759 734 aut
788 679 1061 739 ministris
1111 686 1340 758 injurias
1369 696 1539 750 veluti
1573 698 1853 767 publicum

257 760 470 816 crimen
508 767 783 839 persequi,
817 785 879 825 ac
912 772 1125 831 debitas
1156 778 1262 834 reis
1296 781 1538 840 ultiones
1569 789 1786 843 mereri.
1822 815 1841 839 ι

255 850 418 908 Nunc
466 869 495 908 e
538 863 729 911 contra
778 858 1012 918 liberum
1048 873 1101 920 et
1146 867 1420 927 laudabile
1464 883 1543 929 est
1571 879 1854 948 sacrilegis

255 955 437 997 sacras
467 958 553 999 res
586 943 866 1018 invadere,
899 961 953 1007 et
982 954 1083 1009 filii
1106 958 1348 1015 ecclesia
1373 962 1526 1018 velut
1556 964 1634 1020 rei
1665 982 1851 1038 panas

255 1030 438 1099 luunt,
476 1034 571 1105 qui
601 1035 928 1108 disponente
957 1044 1213 1117 episcopo
1231 1065 1320 1104 eas
1350 1053 1435 1107 vel
1470 1030 1681 1112 intrare
1704 1074 1851 1129 pra-

254 1129 503 1175 sumunt.
539 1123 652 1178 Vos
681 1140 897 1199 quoque
946 1130 1001 1185 in
1048 1138 1502 1204 quaternionibus
1533 1123 1849 1217 pistis—regi

252 1205 393 1261 datis
424 1206 529 1264 hoc
554 1212 860 1283 capitulum
892 1217 1161 1291 integrius
1191 1225 1265 1281 ita
1289 1230 1549 1298 posuistis
1568 1249 1639 1287 ex
1655 1249 1846 1289 eorum

251 1298 626 1371 Augustorum
650 1304 813 1376 libro,
847 1310 913 1364 de
935 1328 1044 1383 quo
1068 1315 1170 1373 hoc
1190 1331 1554 1394 assumptum,
1579 1334 1633 1381 et
1658 1326 1714 1381 in
1734 1328 1846 1383 Au-

250 1398 532 1461 gustorum
564 1405 878 1455 nostrorum
904 1402 1047 1459 libro
1082 1408 1159 1463 ita
1193 1420 1253 1466 ut
1285 1417 1553 1485 praposui
1587 1432 1844 1488 compen-

248 1480 461 1538 diosius
489 1494 571 1540 est
594 1487 857 1546 insertum
883 1493 1039 1563 (Cod.
1075 1498 1195 1566 Th.,
1224 1480 1298 1555 de.
1321 1480 1505 1577 episc.)
1540 1527 1551 1564 :
1601 1536 1618 1557 α
1639 1511 1694 1566 Si
1718 1480 1844 1586 quis

246 1568 306 1624 in
355 1569 464 1628 hoc
504 1589 670 1644 genus
718 1580 988 1652 sacrilegii
1035 1591 1365 1661 proruperit,
1403 1603 1464 1650 ut
1495 1595 1554 1652 in
1585 1603 1842 1662 ecclesias

244 1659 552 1719 catholicas
587 1664 792 1723 irruens
814 1714 829 1737 ,
882 1673 1258 1735 sacerdotibus
1295 1689 1351 1736 et
1385 1685 1660 1746 ministris
1684 1736 1698 1759 ,
1752 1697 1839 1752 vel

242 1748 351 1820 ipsi
386 1753 559 1808 cultui
602 1755 831 1829 locoque
861 1761 1073 1835 aliquid
1118 1765 1377 1839 importet
1419 1774 1659 1849 injuria,
1684 1748 1841 1854 quod
1877 1797 1923 1857 Β

242 1839 454 1908 geritur
487 1842 684 1900 litteris
714 1848 995 1920 ordinum,
1053 1858 1473 1927 magistratuum
1523 1876 1575 1922 et
1605 1880 1836 1928 curato-

237 1943 386 1996 rum,
416 1938 471 1985 et
501 1935 729 1991 notariis
759 1943 1150 2013 apparitorum,
1182 1964 1316 2021 quos
1347 1956 1698 2015 stationarios
1731 1978 1838 2034 ap-

240 2019 466 2088 pellant,
499 2021 780 2082 deferatur
815 2030 883 2084 ad
932 2019 1212 2091 notitiam“
1240 2048 1570 2109 potestatum
1599 2092 1612 2113 ,
1664 2049 1742 2105 ita
1766 2019 1835 2108 ἰιι

236 2109 506 2165 vocabula
539 2128 727 2170 eorum
752 2120 843 2189 qui
877 2124 1093 2192 agnosci
1131 2129 1409 2197 potuerint
1438 2133 1829 2198 declarentur:

233 2205 286 2252 et
315 2198 361 2253 si
390 2216 486 2271 per
517 2205 931 2264 multitudinem
964 2217 1319 2272 commissum
1362 2220 1594 2293 dicetur,
1642 2230 1687 2283 si
1723 2247 1833 2286 non

230 2303 444 2359 omnes,
482 2304 710 2363 possunt
736 2305 919 2355 tamen
954 2303 1222 2376 aliquanti
1263 2312 1541 2381 cognosci,
1594 2332 1830 2387 quorum

227 2380 576 2439 confessione
605 2388 880 2445 sociorum
904 2395 1128 2450 nomina
1151 2399 1522 2467 publicentur.
1552 2406 1732 2479 Atque
1754 2409 1831 2465 ita

226 2472 536 2539 provincia
586 2478 898 2536 moderator
940 2485 1285 2542 sacerdotum
1316 2497 1370 2545 et
1400 2492 1687 2551 catholica
1718 2498 1828 2554 Ec-

221 2560 408 2617 clesia
440 2564 845 2640 ministrorum,
882 2573 985 2629 loci
1005 2592 1221 2648 quoque
1244 2579 1415 2650 ipsius
1435 2590 1487 2636 et
1509 2583 1687 2642 divini
1712 2590 1827 2644 cul-

223 2657 315 2705 tus
348 2649 613 2722 injuriam
634 2660 853 2729 capitali
876 2661 931 2716 in
952 2665 1238 2723 convictos
1262 2668 1379 2725 sive
1402 2674 1685 2731 confessos
1706 2693 1825 2733 reos

220 2744 502 2799 sententia
548 2750 766 2805 noverit
814 2751 1231 2814 vindicandum.
1282 2760 1391 2817 Nec
1438 2773 1717 2836 exspectet
1762 2775 1823 2823 ut

218 2831 516 2904 episcopus
565 2835 784 2907 injuria
814 2843 1048 2914 pr0pria
1077 2846 1347 2904 ultionem
1398 2831 1677 2925 deposcat,
1728 2856 1820 2912 cui

216 2922 486 2978 sanctitas
516 2924 836 2995 ignoscendi
866 2932 968 2987 soli
992 2934 1222 3003 gloriam
1248 2922 1605 3013 derelinquit,
1639 2945 1820 3018 sitque

213 3011 439 3067 cunctis
470 3028 578 3070 non
622 3018 801 3072 solum
857 3019 1114 3091 liberum,
1167 3024 1260 3080 sed
1300 3028 1463 3084 etiam
1520 3031 1815 3102 laudabile,

210 3098 395 3156 factas
440 3108 649 3160 atroces
702 3109 1079 3166 sacerdotibus
1132 3121 1229 3168 aut
1265 3115 1537 3175 ministris
1584 3121 1818 3193 injurias
1849 3158 1891 3217 Ο

210 3190 391 3217 .-Αἰκοζ
429 3194 703 3217 ...-LI:_-___-
750 3197 871 3217 -_!__
894 3215 905 3217 μ
934 3216 941 3217 ,
1220 3203 1230 3214 ο
1430 3206 1442 3217 ι
1484 3207 1497 3217 .
1525 3207 1534 3217 .
1773 3213 1782 3217 -

208 3190 395 3245 veluti
429 3194 709 3263 publicum
740 3197 948 3253 crimen
983 3203 1232 3275 persequi
1254 3247 1267 3271 ,
1320 3222 1384 3261 ac
1412 3206 1652 3266 debitam
1708 3213 1815 3268 reis

204 3279 485 3335 ultionem
520 3283 735 3339 mereri.
770 3284 928 3350 Quod
963 3286 1007 3341 si
1038 3290 1338 3347 multitudo
1361 3293 1604 3352 violenta
1632 3299 1816 3355 civilis

200 3370 575 3442 apparitionis
618 3376 993 3446 exsecutione,
1052 3392 1105 3435 et
1154 3383 1500 3460 adminiculo
1552 3390 1813 3448 ordinum

200 3478 681 3534 possessorumve,
716 3483 826 3521 non
858 3469 1099 3540 potuerit
1125 3478 1467 3545 prasentari,
1488 3481 1634 3550 quod
1661 3498 1717 3537 se
1731 3499 1813 3538 ar-

197 3555 317 3608 mis
348 3572 412 3609 ac
446 3555 693 3611 locorum
721 3556 1043 3617 diﬂicultate
1072 3569 1314 3633 tueatur,
1343 3565 1560 3637 judices
1580 3579 1803 3628 armata

196 3642 579 3715 apparitionis
612 3644 941 3716 praesidium,
974 3649 1117 3706 datis
1143 3651 1211 3707 ad
1246 3653 1425 3711 virum
1451 3659 1806 3728 spectabilem

193 3732 477 3787 comitem
514 3732 727 3800 litteris,
759 3736 980 3806 pralato
1017 3739 1151 3812 legis
1183 3744 1343 3801 istius
1374 3753 1566 3804 tenore
1597 3750 1808 3822 depos-

190 3828 355 3887 cant,
395 3828 458 3874 ut
488 3819 563 3875 rei
612 3821 801 3879 talium
848 3827 1149 3885 criminum
1183 3848 1294 3888 non
1326 3837 1580 3894 evadant.
1606 3865 1622 3886 -
1662 3842 1802 3898 Item

189 3917 244 3964 et
280 3908 439 3964 istud
472 3909 731 3980 posuistis
761 3931 772 3967 :
825 3940 841 3960 ι
871 3914 927 3969 Si
946 3917 1206 3973 Ecclesia
1227 3925 1560 3981 venerabilis
1582 3929 1802 3998 privile-

190 4000 289 4068 gia.
339 3997 665 4072 cujusquam
698 4004 907 4059 fuerint
950 4007 1034 4061 vel
1067 4010 1379 4067 temeritate
1420 3997 1655 4087 violata,
1713 4020 1799 4077 vel

188 4091 648 4149 dissimulatione
676 4094 945 4165 neglecta,
975 4098 1335 4156 commissum
1366 4105 1610 4178 quinque
1638 4110 1798 4167 libra-

191 4198 327 4236 rum
378 4180 517 4248 auri,
568 4182 714 4237 sicut
742 4183 909 4239 etiam
942 4186 1096 4258 prius
1122 4192 1485 4249 constitutum
1519 4204 1619 4265 est,
1652 4215 1796 4255 con—

185 4270 554 4328 demnatione
576 4274 861 4344 plectatur.
887 4300 905 4322 ι
939 4274 1353 4350 Nunquidnam,
1378 4283 1599 4341 domine
1620 4296 1790 4361 pater,

185 4360 431 4431 dignum
463 4359 660 4429 fuerat,
697 4372 753 4418 ut
783 4372 1012 4420 vocatus
1041 4382 1072 4421 a
1103 4368 1259 4425 vobis
1286 4370 1353 4425 ad
1386 4372 1660 4444 synodum
1694 4359 1791 4450 pro

182 4448 554 4521 responsione
600 4449 807 4506 domno
852 4455 1154 4524 apostolico
1197 4458 1472 4517 reddenda
1518 4464 1651 4520 foris
1681 4484 1787 4522 ex—

179 4538 469 4607 cluderer,
516 4546 569 4594 et
612 4541 981 4598 residentibus
1017 4544 1174 4599 vobis
1204 4562 1314 4603 una
1352 4565 1476 4604 cum
1505 4553 1787 4627 archiepi-

178 4631 375 4699 scopis
407 4644 467 4684 ac
496 4629 831 4702 coepiscopis
877 4633 1031 4701 meis,
1092 4634 1193 4690 iste
1241 4637 1615 4697 Nortmannus
1659 4644 1789 4701 talia

174 4734 355 4790 agens
392 4718 680 4792 taliterque
705 4724 1005 4793 apostolica
1039 4727 1368 4786 auctoritate
1391 4737 1787 4791 excommuni-

174 4815 364 4875 catus,
411 4808 614 4880 quique
644 4825 739 4881 per
767 4812 879 4867 oris
924 4814 1092 4869 vestri
1123 4815 1362 4872 ofﬁcium
1396 4819 1572 4877 fuerat
1602 4825 1787 4896 repel-

171 4896 411 4964 lendus,
444 4897 499 4951 in
534 4899 878 4969 prasentiam
912 4910 1148 4958 vestram
1192 4922 1275 4961 me
1301 4919 1656 4968 accusaturus
1686 4930 1784 4985 pro

170 4987 322 5060 ipsis
348 4987 518 5043 rebus
550 4991 780 5061 receptis
806 4992 1039 5063 veniret,
1069 5011 1132 5052 ac
1157 5014 1188 5051 a
1218 4997 1375 5054 vobis
1405 5001 1708 5074 audiretur,
1753 5021 1783 5060 a

167 5094 294 5151 quo
341 5077 657 5149 specialiter
707 5096 771 5136 ac
798 5082 1135 5138 omnimodis
1171 5103 1331 5158 super
1362 5087 1567 5175 hacre,
1603 5101 1654 5148 et
1684 5110 1782 5166 ego

165 5175 226 5222 et
282 5183 483 5222 omnes
533 5167 639 5223 mei
688 5185 796 5224 non
830 5179 1042 5227 tantum
1076 5177 1323 5232 excusari
1365 5167 1628 5250 quantum
1662 5200 1781 5238 om-

163 5252 320 5308 nino
350 5253 719 5311 debueramus
748 5256 966 5314 defendi
992 5260 1019 5314 ‘P
1051 5262 1129 5315 De
1179 5261 1263 5317 his
1290 5264 1438 5318 enim
1486 5264 1586 5320 iste
1616 5266 1779 5326 Nort-

166 5360 429 5399 mannus
458 5363 600 5401 unus
630 5354 731 5416 est,
774 5348 841 5403 de
871 5349 1072 5421 quibus
1101 5350 1159 5405 in
1207 5357 1661 5424 quaternionibus
1692 5378 1778 5418 ve-

158 5434 330 5501 stris,
357 5436 580 5506 quando
608 5437 763 5493 vobis
784 5440 1012 5511 placuit,
1047 5458 1146 5513 pro
1178 5458 1282 5511 me,
1309 5462 1512 5518 proque
1534 5448 1779 5506 Ecclesia

158 5540 301 5579 mea
352 5523 434 5580 ita
462 5526 760 5599 scripsistis
789 5528 857 5585 ad
888 5532 1094 5587 locum.
1162 5556 1178 5578 ι
1205 5532 1420 5589 Talium
1472 5538 1672 5608 etiam,
1717 5547 1777 5596 ut

154 5614 381 5684 fertur,
438 5616 799 5687 quarumdam
846 5634 1200 5690 personarum
1260 5623 1579 5695 prajudicio
1627 5628 1769 5688 istud

1452 278 1809 340 OPUSCULA
1850 286 1939 343 ET
1976 290 2360 353 EPISTOLIE.

3426 324 3563 385 1038

1596 431 1861 489 sanctitas
1886 440 1936 499 A
1966 441 2321 500 commissum
2348 448 2646 510 admissum
2676 464 2905 532 est,qua
2932 469 2985 517 et
3012 463 3071 519 in
3099 465 3310 539 legibus
3328 477 3459 535 etin
3481 496 3560 534 sa-

1967 528 2076 584 cris
2105 534 2409 593 canonibus
2431 540 2661 601 infames
2682 528 2923 617 persona
2952 561 3228 614 notantur.
3248 560 3317 615 Et
3339 563 3380 617 si
3406 567 3562 638 vigor

1966 623 2365 685 ecclesiasticus
2395 632 2474 688 sic
2503 635 2733 710 vigeret,
2770 642 2913 700 sicut
2962 653 3207 722 tempore
3235 662 3551 715 antecesso-

1966 725 2087 766 rum
2117 724 2424 775 vestrorum
2454 728 2507 776 et
2538 734 2849 787 nostrorum
2882 737 3335 804 praedecessorum
3363 746 3558 819 viguit,

2882 800 2897 804 _
3420 800 3558 819 0—",

1964 800 2110 858 inter
2128 806 2475 881 criminosas,
2501 816 2628 888 quia
2650 819 2906 880 videlicet
2928 838 2987 883 ut
3009 846 3037 883 a
3064 832 3333 890 ministris
3354 837 3560 897 dicitur

1964 893 2268 967 criminosi,
2289 917 2319 955 a
2340 902 2630 963 liminibus
2650 914 2892 971 ecclesia
2918 916 3096 975 forent
3124 933 3386 984 extorres.
3401 929 3559 990 Nunc

1960 992 2139 1039 autem
2176 997 2362 1045 nostra
2393 992 2853 1069 dissolutione,ut
2883 1007 3105 1077 quidam
3138 1011 3331 1070 dicunt
3363 1016 3417 1071 in
3441 1018 3558 1074 Ec-

1960 1073 2181 1130 clesiam
2232 1077 2336 1150 ipsi
2374 1079 2648 1154 insiliunt,
2686 1091 2780 1162 qui
2810 1092 2878 1148 ab
2910 1095 3153 1155 Ecclesia
3182 1107 3418 1174 separari
3452 1107 3556 1164 de-

1958 1159 2213 1232 buerant,
2246 1174 2298 1221 et
2333 1168 2436 1225 hoc
2467 1174 2671 1230 nostris
2702 1159 2956 1248 peccatis,
2981 1184 3036 1238 in
3056 1203 3196 1258 quos
3224 1191 3359 1248 ﬁnes
3389 1213 3554 1253 sacu-

1960 1251 2136 1308 lorum
2160 1254 2518 1330 devenerunt,
2540 1267 2736 1321 merito
2754 1279 3089 1343 reputemus,
3108 1279 3199 1350 qui
3220 1283 3287 1338 ad
3311 1293 3554 1344 nostram

1955 1347 2368 1417 contumeliam,
2424 1367 2533 1407 non
2576 1355 2643 1411 ad
2682 1358 2941 1418 Ecclesia
2973 1366 3205 1436 gloriam
3243 1375 3551 1435 sacerdotes

1954 1432 2211 1507 dicimur,
2247 1442 2338 1513 qui
2370 1461 2399 1497 a
2446 1447 2649 1505 talibus
2695 1455 3103 1529 conculcamur,
3143 1469 3195 1516 et
3231 1462 3327 1536 ipsi
3357 1466 3423 1522 de
3452 1486 3551 1525 sa-

1952 1524 2233 1583 cerdotum
2268 1532 2542 1603 capitibus
2573 1536 2847 1612 judicant,
2883 1524 3116 1616 quorum
3150 1524 3426 1621 judicium
3462 1561 3547 1617 vel

1951 1616 2429 1686 compellationem
2464 1623 2621 1681 liberi
2647 1636 2699 1684 et
2720 1632 2837 1687 sani
2870 1636 3069 1705 capitis
3099 1639 3225 1696 laici
3249 1640 3307 1697 in
3332 1641 3547 1715 judicio

1952 1701 2173 1771 publico
2202 1707 2449 1778 legaliter
2478 1731 2588 1769 non
2618 1701 2953 1791 reciperent,
2974 1724 3020 1780 si
3052 1727 3275 1800 rejicere
3316 1701 3542 1794 vellent.

1957 1790 2014 1844 In
2049 1808 2156 1863 quo
2187 1795 2349 1867 facto,
2377 1808 2437 1855 ut
2466 1813 2686 1862 sanctus
2720 1790 3050 1871 Calestinus
3082 1819 3293 1889 scribit,
3316 1840 3424 1880 non
3455 1834 3537 1884 est

1948 1882 2225 1949 agentium
2258 1904 2417 1945 causa
2454 1894 2716 1962 solorum,
2750 1898 3080 1961 universalis
3127 1908 3371 1968 Ecclesia
3417 1932 3541 1989 qua-

1945 1984 2162 2043 cunque
2208 1976 2455 2033 novitate
2495 1983 2761 2052 pulsatur.
2816 1989 3038 2050 Novum
3088 2005 3168 2052 est
3206 2000 3351 2056 enim
3395 2006 3542 2075 quod

1944 2074 2093 2115 nunc
2122 2061 2322 2122 factum
2361 2076 2464 2137 est,
2497 2072 2625 2143 quia
2663 2091 2769 2131 non
2800 2089 2880 2134 est
2913 2081 2979 2137 de
3010 2085 3111 2141 sub
3142 2087 3247 2144 isto
3278 2092 3417 2149 coelo
3448 2111 3540 2150 au-

1944 2149 2142 2219 ditum,
2178 2148 2236 2208 iit
2261 2155 2548 2229 episcopus
2582 2178 2704 2218 cum
2734 2167 2964 2225 ecclesia
2993 2189 3089 2229 sua
3120 2176 3541 2250 proscriptionis

1943 2241 2107 2296 titulo
2140 2244 2208 2299 ab
2240 2246 2355 2300 ullo
2386 2249 2642 2321 religioso
2665 2256 2910 2328 principe
2936 2263 3195 2320 laicorum
3215 2265 3431 2336 judicio
3454 2289 3537 2328 us~

1943 2346 2046 2402 que
2077 2334 2241 2389 modo
2272 2336 2438 2393 fuerit
2459 2343 2804 2402 conﬁscatus.
2839 2374 2856 2393 ι
2882 2350 3022 2407 Ecce
3043 2334 3539 2431 quaminsignibus

1939 2421 2107 2475 armis
2128 2424 2312 2493 pratia
2334 2428 2553 2484 Domini
2587 2441 2716 2489 tunc
2738 2438 2969 2506 praliati
2993 2442 3204 2512 fuistis;
3241 2448 3333 2502 sed
3356 2449 3536 2507 dicam

1938 2507 2097 2565 vobis
2144 2514 2288 2584 quod
2333 2523 2510 2573 tacere
2561 2536 2660 2577 nec
2694 2522 2885 2594 debeo,
2925 2545 3024 2586 nec
3053 2533 3245 2590 audeo.
3281 2537 3398 2592 Non
3435 2555 3535 2610 pu-

1937 2601 2047 2655 tavi
2081 2603 2143 2657 ad
2175 2603 2667 2668 dehonorationem
2694 2615 2860 2670 vestri
2886 2620 3236 2692 pertinuisse,
3263 2628 3407 2698 quod
3432 2630 3533 2691 Ro-

1936 2705 2078 2744 mam
2120 2691 2265 2761 misi,
2322 2697 2467 2769 quod
2514 2700 2739 2758 Romam
2773 2704 2853 2761 ire
2882 2706 3035 2765 volui
3065 2719 3117 2768 et
3150 2716 3297 2781 volo,
3330 2720 3475 2789 quod
3502 2737 3534 2776 α

1932 2778 2103 2833 Roma
2132 2782 2405 2841 auxilium
2438 2792 2703 2862 expetivi,
2755 2794 2900 2852 unde
2952 2801 3135 2857 omnis
3184 2805 3530 2878 episcopatus

1930 2869 2164 2941 sumpsit
2192 2873 2505 2947 exordium,
2540 2890 2593 2937 et
2639 2884 2858 2949 retinet,
2884 2892 3247 2960 processionis
3294 2904 3348 2951 et
3395 2914 3532 2954 suc-

1929 2957 2191 3015 cessionis
2239 2961 2660 3025 incrementum.
2712 2970 3005 3047 Nunquam
3046 2978 3314 3038 hactenus
3359 2996 3529 3056 caput

1928 3043 2159 3115 pedibus
2181 3051 2391 3119 nocuit,
2406 3053 2524 3111 sine
2548 3074 2656 3130 quo
2678 3061 2842 3133 pedes
2866 3064 2943 3118 ire
2963 3082 3069 3121 non
3093 3083 3522 3131 consueverunt.

1927 3135 2218 3208 Sperabam
2264 3144 2607 3214 perﬁciorem
2659 3153 2967 3209 sanctitatis
2997 3167 3190 3212 vestra
3222 3159 3338 3215 fore
3365 3179 3524 3220 rom~

1928 3227 2159 3299 phaam,
2192 3234 2236 3286 si
2275 3234 2414 3289 ferro
2449 3237 2640 3294 vicarii
2670 3245 3041 3311 apostolorum
3068 3248 3337 3322 principis
3365 3254 3518 3313 Petri

1925 3327 2229 3386 acueretur,
2266 3337 2375 3376 non
2407 3323 2807 3386 obtunsiorem.
2852 3331 3025 3389 Taceo
3076 3337 3324 3408 interim,
3366 3343 3514 3415 quod

1925 3409 2271 3468 enedreutice
2312 3414 2447 3470 mihi
2490 3417 2548 3471 in
2575 3419 2767 3476 eodem
2794 3423 3075 3483 Attiniaco
3097 3429 3379 3502 irrogastis
3414 3450 3521 3506 ap—

1923 3497 2151 3566 pellanti
2180 3510 2420 3557 sanctam
2456 3506 2754 3564 Romanam
2804 3512 2986 3569 sedem
3038 3532 3137 3587 pro
3183 3536 3369 3575 amore
3414 3522 3515 3579 Dei

1922 3588 2338 3660 omnipotentis,
2387 3601 2440 3649 et
2505 3596 2747 3668 ejusdem
2804 3605 3176 3676 apostolorum
3244 3611 3516 3685 principis

1920 3673 2063 3729 Petri
2098 3679 2449 3737 veneratione
2482 3700 2494 3737 ι
2525 3686 2619 3757 qui
2652 3673 2853 3757 etiam,
2872 3692 3015 3748 sicut
3039 3695 3214 3764 scitis,
3237 3697 3305 3752 ab
3325 3700 3516 3757 eadem

1918 3779 2035 3817 sum
2069 3765 2195 3820 sede
2231 3777 2489 3826 vocatus:
2515 3776 2662 3845 quod
2694 3785 2949 3835 neutrum
2989 3783 3127 3839 mihi
3160 3787 3389 3856 profuit,
3413 3806 3515 3848 nec

1915 3849 2096 3908 adhuc
2118 3855 2376 3925 prodest;
2413 3860 2505 3916 sed
2529 3862 2836 3922 debuissem
2861 3867 2989 3926 inde
3018 3888 3045 3927 a
3075 3849 3233 3930 vobis
3269 3849 3512 3951 aliquam

1914 3939 2165 3997 invenire
2196 3947 2627 4021 excusationem,
2676 3970 2786 4008 non
2829 3958 3097 4017 sustinere
3135 3967 3511 4037 oppugnatio-

1912 4044 2055 4084 nem.
2084 4031 2188 4085 Pro
2218 4050 2324 4105 qua
2353 4052 2411 4089 re
2443 4045 2594 4093 tanta
2623 4057 2814 4112 passus
2841 4062 2962 4103 sum
2999 4057 3051 4104 et
3082 4031 3278 4122 patior,
3305 4064 3511 4127 quanta

1909 4117 2046 4173 meis
2076 4119 2348 4180 debentur
2375 4130 2631 4199 peccatis,
2656 4149 2766 4188 non
2788 4144 2969 4192 autem
2992 4144 3309 4201 reverentia
3340 4154 3507 4207 tanta

1907 4205 2069 4263 sedis.

1974 4297 2132 4366 Quod
2162 4299 2301 4356 mihi
2330 4303 2644 4377 scripsistis,
2666 4315 2727 4364 ut
2748 4326 2871 4366 cum
2895 4311 3130 4370 domnus
3146 4333 3245 4372 rex
3275 4335 3305 4373 a
3337 4321 3502 4378 fratre

1902 4402 2000 4440 suo
2056 4402 2307 4446 reversus
2367 4391 2555 4462 fuerit,
2615 4406 2897 4469 apportem
2952 4401 3091 4459 illud
3139 4418 3495 4480 praeceptum,

1819 4508 1868 4566 D
1901 4491 1995 4545 per
2023 4479 2168 4550 quod
2196 4480 2446 4550 prafatas
2479 4501 2562 4541 res
2584 4487 2840 4543 Ecclesia
2868 4489 3215 4549 Lauduneusi
3254 4479 3498 4556 restituit

1896 4564 2013 4621 sive
2042 4566 2299 4639 contulit,
2332 4580 2385 4627 et
2416 4573 2561 4629 sicut
2603 4573 2816 4646 justum
2865 4578 2933 4633 de
2986 4579 3101 4638 illis
3151 4583 3311 4641 rebus
3358 4604 3493 4660 quas

1900 4655 2140 4727 requiro,
2173 4658 2460 4717 inventum
2494 4663 2681 4733 fuerit,
2706 4681 2859 4737 agere
2880 4670 3198 4740 procurabit
3222 4690 3234 4728 :
3259 4672 3324 4728 ad
3344 4678 3492 4749 quod

1897 4759 2086 4799 rursus
2124 4745 2264 4803 illud
2314 4760 2642 4823 praceptum
2688 4762 2747 4809 ut
2790 4765 3070 4830 apportem
3122 4764 3489 4823 necessarium

1897 4848 2011 4887 esse
2039 4851 2149 4890 non
2180 4836 2450 4911 intelligo,
2481 4858 2606 4897 cum
2658 4843 2798 4900 illud
2848 4863 2944 4918 per
2990 4865 3184 4907 manus
3228 4853 3489 4912 Harduici

1894 4921 2292 4999 archiepiscopi
2322 4929 2479 4985 vobis
2510 4933 2872 5002 praesentibus
2902 4944 2955 4992 et
2989 4939 3205 4997 audivit
3234 4951 3287 4998 et
3318 4943 3483 5011 vidit,

1895 5020 2057 5084 atque
2085 5016 2264 5087 ipsum
2302 5036 2357 5074 se
2387 5017 2652 5089 ﬁrmasse,
2675 5034 2736 5080 ut
2766 5027 2906 5083 mihi
2935 5029 3256 5085 Bertharius
3287 5048 3483 5087 renun-

1892 5100 2073 5171 tiavit,
2100 5109 2434 5179 recognovit.
2454 5110 2556 5166 Sed
2587 5113 2689 5171 hoc
2718 5118 2909 5172 multis
2939 5127 3000 5173 ut
3028 5126 3081 5172 et
3111 5119 3246 5174 mihi
3280 5119 3483 5177 mirum

1892 5200 1992 5259 est,
2016 5192 2143 5265 quia
2169 5196 2315 5265 quod
2347 5198 2493 5269 regia
2524 5201 2851 5260 liberalitate
2881 5206 3167 5278 plusquam
3202 5222 3298 5262 sex
3331 5224 3481 5263 men-

1890 5295 1975 5334 ses
2004 5281 2186 5352 quicte
2216 5285 2440 5354 retinui,
2474 5290 2605 5345 dum
2636 5291 2883 5363 synodus
2920 5303 3135 5365 peracta
3183 5296 3308 5364 fuit,
3357 5304 3481 5352 sta-

1891 5367 1987 5422 tim
2020 5370 2197 5426 amisi.
2244 5375 2323 5427 De
2357 5374 2676 5433 hominibus
2715 5382 2847 5436 meis
2877 5384 3022 5453 quod
3053 5383 3317 5447 scribitis,
3349 5385 3481 5458 quia

1887 5474 2049 5513 causa
2079 5475 2267 5516 eorum
2298 5478 2403 5516 non
2435 5464 2671 5522 dilﬁnita
2700 5468 2793 5523 sed
2823 5469 3161 5539 implacitata
3191 5474 3477 5544 remansit,

1887 5546 2017 5603 satis
2046 5548 2203 5606 vobis
2232 5552 2483 5623 superius
2514 5557 2792 5629 respondi,
2839 5566 2894 5614 et
2925 5559 3048 5615 ideo
3076 5563 3221 5634 quod
3252 5580 3363 5620 non
3395 5563 3476 5620 ir-

1886 5637 2208 5706 regulariter
2233 5658 2295 5697 ac
2326 5642 2614 5714 illegaliter
2638 5652 2699 5700 ut
2726 5645 2914 5703 dicitis
2932 5647 3185 5709 abscessi.
3213 5651 3320 5708 Sed
3344 5669 3476 5726 quo-
