4078 6182
500 227 676 323 1039’

1540 250 1882 308 HINCMARI
1926 243 2405 303 LUGDUNENSIS
2444 238 2754 313 EPISCOPI
2794 318 2798 323 '

3662 226 3788 281 1040

502 413 666 471 modo
695 427 845 467 nunc
865 408 1011 481 juste
1036 424 1099 463 ac
1127 402 1529 462 rationabiliter
1557 398 1872 457 ventilanda
1903 412 2092 453 eorum
2212 410 2420 450 memor
2448 390 2721 448 monentis
2754 406 2766 443 :
2799 385 3015 442 Atticm
3037 377 3446 451 tenequwsieris
3467 377 3666 445 (Eccli.
3688 377 3796 445 ιιι).

502 518 667 559 causa
695 499 787 566 sit,
810 517 872 555 ac
901 496 1199 554 secundum
1223 510 1405 549 sacras
1432 493 1573 563 leges
1590 488 1912 545 diiﬁnienda
1934 496 2098 543 ante-

506 609 669 665 quam
690 590 756 646 de
776 589 987 644 eisdem
1012 586 1175 641 rebus
1195 582 1462 638 revestiar
1482 586 1767 652 potestate,
1792 593 1903 633 non
1932 584 2097 648 patet,

507 681 765 756 quoniam
791 679 938 751 juste
984 693 1047 732 ac
1087 671 1493 729 rationabiliter
1539 686 1630 724 eos
1659 669 1725 723 ab
1756 667 1870 723 illis
1900 665 2098 738 recepi,

509 754 563 826 et
592 771 718 825 illos
747 767 815 821 ab
846 766 979 838 ipsis
1006 762 1264 836 prohibui
1313 778 1325 815 :
1369 759 1517 832 quod
1547 758 1595 813 ei
1627 756 1983 812 evidentibus
2011 754 2103 810 do-

511 858 783 915 cumentis
812 855 1062 928 probare,
1091 860 1154 908 ut
1184 848 1513 922 praescripsi,
1545 855 1767 919 paratus
1785 844 1892 901 fui.

582 948 741 1017 Quod
782 943 1113 1017 scripsistis:
1159 966 1176 989 ι
1228 941 1521 1005 Caeterum,
1568 935 1887 992 charissime
1918 934 2107 999 frater,

516 1043 583 1099 de
603 1038 884 1105 schedula,
914 1034 1070 1108 quasi
1098 1034 1477 1104 episcoporum
1512 1023 2110 1084 diﬂinitionem'conti-

518 1137 680 1187 nente
708 1132 765 1183 in
792 1126 1018 1199 Synodo
1043 1140 1164 1195 quae
1195 1121 1340 1195 apud
1366 1119 1660 1175 Tusiacum
1692 1116 1870 1172 fuerat
1897 1114 2110 1181 habita,

518 1219 679 1275 valde
736 1217 969 1272 miratus
1013 1230 1135 1269 sum
1178 1210 1277 1267 ubi
1335 1218 1388 1266 et
1434 1207 1709 1281 quomodo
1755 1202 2113 1271 adinvenisti,

521 1326 684 1384 quam
714 1315 1005 1379 antequam
1030 1319 1126 1376 per
1148 1303 1441 1357 Hettonem
1457 1299 1722 1356 clericum
1744 1306 1901 1352 tuum
1931 1293 2114 1351 audie-

520 1400 650 1468 rim,
682 1413 963 1469 nunquam
986 1393 1103 1449 vidi
1132 1393 1218 1447 vel
1248 1406 1521 1463 nusquam
1547 1386 1758 1455 audivi,
1783 1385 1877 1441 sed
1896 1400 1997 1439 nec
2023 1381 2117 1455 qui

524 1489 688 1545 modo
718 1486 1013 1542 adfuerunt
1043 1480 1287 1555 episcopi
1318 1497 1439 1537 eam
1469 1496 1524 1534 se
1553 1477 1758 1533 vidisse
1788 1475 1877 1530 vel
1903 1473 2121 1528 audisse

525 1578 808 1633 dixerunt.
840 1602 856 1623 ι
896 1575 967 1628 Εῑ
992 1588 1090 1643 ego
1121 1568 1263 1625 illud
1294 1584 1405 1623 non
1432 1566 1500 1622 ab
1530 1581 1587 1621 re
1617 1562 1882 1629 admiror,
1912 1560 1958 1616 si
1989 1560 2120 1615 Har-

527 1665 723 1722 duicus
749 1662 1194 1735 archiepiscopus
1219 1656 1314 1730 qui
1340 1656 1539 1723 adfuit,
1564 1671 1681 1710 eam
1703 1669 1759 1709 se
1786 1668 1897 1709 non
1919 1650 2123 1707 vidisse

2206 483 2401 551 Quzero
2433 491 2638 549 tamen,
2666 487 2727 533 ut
2757 476 2853 532 ubi
2900 471 3139 528 mendax
3175 476 3278 535 est,
3308 476 3365 523 et
3396 465 3572 522 sacris
3612 464 3802 519 obviat

2210 572 2431 643 regulis,
2466 569 2604 624 mihi
2626 561 3040 623 demonstretis.
3090 561 3284 614 Fateor
3312 557 3444 628 quia
3474 570 3587 609 non
3616 552 3806 619 video,

2212 670 2265 716 et
2288 662 2333 717 si
2365 670 2498 716 tunc
2526 658 2808 723 vidissem,
2840 670 2953 710 non
2984 647 3453 718 subscripsissem.

2284 747 2441 815 Quod
2461 746 2647 802 dicitis
2673 763 2684 799 :
2725 770 2742 790 ι
2759 743 2830 797 Et
2850 737 3105 796 miranda
3122 742 3205 791 est
3224 740 3319 789 tua
3338 731 3657 805 prudentia,
3680 745 3813 801 qua-

2220 838 2343 894 liter
2378 839 2426 893 si
2452 836 2662 908 placuit
2691 835 2834 890 hanc
2852 825 3341 893 mendacem,etin
3370 821 3730 896 quibusdam,
3751 827 3815 875 ut

2218 926 2358 993 dixi,
2381 924 2548 981 sacris
2568 922 2772 994 regulis
2791 919 3110 975 obviautem
3131 908 3812 984 compilationemhabere,

2219 1025 2274 1072 et
2308 1015 2446 1071 mihi
2471 1013 2864 1078 transmittere,
2899 1024 3061 1082 quam
3092 1020 3279 1061 veram
3310 1001 3511 1075 synodi
3538 999 3816 1056 definitio-

2221 1124 2347 1163 nem
2376 1115 2429 1162 et
2449 1105 2618 1161 sacris
2662 1101 2870 1174 regulis
2899 1101 3295 1169 congruentem
3335 1090 3556 1157 habere,
3586 1097 3642 1144 et
3667 1104 3699 1143 a
3729 1103 3816 1142 me

2224 1195 2593 1268 qualicunque
2626 1191 2859 1263 primate
2906 1194 3004 1241 tuo
3045 1183 3209 1255 juxta
3258 1181 3473 1253 regulas
3512 1194 3690 1233 sacras
3725 1186 3821 1232 te-

2225 1267 2462 1342 nendam
2511 1290 2565 1338 et
2611 1277 2944 1352 sequendam
2974 1274 3241 1346 accipere.
3263 1296 3282 1319 »
3328 1271 3483 1325 Illam
3507 1267 3820 1340 epistolam,

2226 1390 2390 1447 quam
2416 1388 2517 1427 vos
2549 1370 2607 1426 in
2642 1368 2830 1425 eadem
2862 1364 3075 1438 synodo
3102 1379 3134 1418 a
3160 1360 3322 1417 vobis
3363 1356 3821 1429 archiepiscopali

2228 1458 2708 1518 administratione
2738 1456 2998 1512 dictatam
3029 1449 3252 1507 recitari
3281 1447 3514 1515 fecistis,
3549 1461 3712 1519 penes
3734 1460 3822 1499 me

2229 1555 2425 1621 habeo,
2476 1560 2530 1608 et
2563 1550 2889 1607 reminiscor
2927 1529 3175 1620 quia.ob
3204 1540 3582 1616 prolixitatem
3619 1537 3815 1609 ipsius,

2232 1643 2561 1716 quibusdam
2589 1637 2986 1711 satagentibus,
3019 1634 3151 1690 huic
3193 1626 3642 1703 compendiosius
3669 1626 3825 1682 difﬁ-

530 1715 720 1722 “””’““
751 1715 1112 1735 """"I""L
1233 1715 1251 1730 ι
1526 1715 1537 1723 ι
2259 1715 2264 1716 ν

526 1770 629 1811 nec
656 1753 872 1810 audisse
901 1751 1066 1808 dixit.
1099 1748 1238 1804 Nam
1268 1746 1336 1801 ab
1368 1762 1431 1800 eo
1464 1746 1617 1799 illam
1648 1742 1853 1813 accepi,
1887 1750 1940 1796 et
1971 1740 2120 1795 rele-
2152 1751 2199 1810 Β
2235 1733 2439 1789 nitioni
2469 1731 2713 1788 collecta
2733 1724 3182 1797 subscripsimus.
3211 1720 3349 1775 Nam
3370 1725 3621 1774 vestrum
3642 1715 3825 1770 Tetra-

529 1862 659 1917 gens
701 1840 996 1899 transcribi
1034 1837 1195 1909 jussi,
1245 1843 1299 1890 et
1338 1834 1669 1906 transcripta
1697 1839 1778 1888 est
1808 1847 1902 1903 per
1934 1845 2127 1885 manus

529 1935 765 1992 duorum
803 1931 1045 1989 ecclesiae
1079 1928 1218 1983 mihi
1243 1925 1548 1982 commissae
1581 1924 1962 1989 diaconorum,
1996 1936 2127 1992 quo-

530 2042 651 2080 rum
680 2039 827 2078 unus
856 2019 1215 2086 Teutlandus,
1249 2017 1387 2070 alter
1415 2021 1644 2069 vocatur
1665 2011 2003 2083 Hartgarius,
2035 2008 2130 2080 qui

531 2111 646 2167 scio
677 2108 823 2182 quod
854 2108 1110 2161 nesciunt
1137 2102 1470 2176 apostolicas
1500 2107 1594 2157 aut
1613 2098 1909 2173 synodicae
1941 2098 2129 2168 depra-

532 2216 662 2255 vare
692 2198 780 2252 vel
813 2194 1124 2251 diminuere
1155 2192 1417 2264 epistolas
1450 2210 1462 2246 :
1497 2191 1645 2263 quod
1671 2206 1703 2244 a
1732 2206 1819 2244 me
1847 2202 2131 2259 nunquam

534 2288 874 2353 didicerunt,
903 2283 1173 2356 quia,Deo
1202 2287 1361 2348 teste,
1395 2296 1494 2352 ego
1525 2280 1630 2335 hoc
1659 2294 1942 2350 nunquam
1975 2292 2133 2347 agere

535 2376 879 2451 praesumpsi.
910 2372 1070 2440 Quod
1099 2388 1230 2428 vero
1278 2387 1378 2425 vos
1416 2369 1623 2437 dicitis,
1658 2384 1759 2423 nec
1787 2366 2003 2423 audisse
2033 2380 2135 2419 nec

534 2467 742 2523 vidisse
772 2481 912 2533 eam,
946 2472 1000 2519 et
1029 2459 1404 2517 authenticam
1435 2456 1850 2521 diﬂinitionem,
1892 2471 2011 2527 quae
2042 2469 2138 2509 se—

537 2556 783 2613 cundum
812 2568 990 2609 sacras
1021 2552 1164 2622 leges
1194 2550 1253 2605 in
1300 2548 1489 2604 eadem
1529 2546 1742 2618 synodo
1789 2543 2007 2599 decreta
2035 2548 2135 2609 est,

542 2645 633 2702 cui
657 2651 711 2699 et
740 2643 1028 2697 vobiscum
1057 2637 1308 2706 interfui,
1327 2652 1429 2691 vos
1457 2636 1659 2691 habere
1690 2633 1928 2688 multum
1946 2644 2138 2702 precor

542 2731 696 2788 illam
727 2730 866 2785 mihi
913 2727 1151 2796 ostendi,
1193 2735 1255 2782 ut
1285 2735 1339 2782 et
1365 2727 1480 2799 ipse
1511 2738 1896 2797 recognoscere
1926 2721 2139 2775 valeam

544 2821 601 2876 in
636 2820 751 2891 ipsa
782 2833 1005 2871 manum
1030 2830 1161 2870 meae
1178 2814 1620 2887 subscriptionis.
1648 2813 1772 2869 Scio
1799 2819 1983 2867 tamen
2012 2807 2144 2881 quia

548 2906 778 2963 interfui
809 2905 867 2959 in
897 2904 1013 2974 ipsa
1036 2902 1271 2975 synodo,
1306 2913 1360 2960 et
1386 2902 1713 2958 reminiscor
1743 2916 1978 2973 quorum
2009 2914 2144 2969 spe-

545 2996 760 3054 cialiter
779 2990 1158 3050 admonitione
1182 2991 1315 3046 huic
1331 2989 1655 3046 diﬂinitioni
1677 2987 2017 3044 succinctius
2036 2984 2145 3040 col-

548 3088 704 3144 lectae
734 3081 1108 3153 subscriptum
1137 3090 1236 3137 est.
1258 3078 1417 3146 Quod
1444 3076 1709 3150 adjicitis,
1738 3076 1867 3148 quia
1893 3073 2146 3129 divinare

548 3192 661 3231 non
692 3172 889 3229 valetis
912 3171 1059 3227 unde
1088 3169 1413 3226 adinventio
1442 3170 1548 3223 ista
1575 3165 1881 3232 emerserit,
1897 3162 2013 3234 jam
2034 3177 2145 3217 non

550 3274 632 3322 est
668 3263 829 3320 vobis
882 3277 1099 3318 necesse
1144 3260 1285 3317 illud
1324 3259 1598 3326 divinare,
1645 3256 1774 3330 quia
1806 3271 1901 3328 per
1934 3270 2021 3309 me
2053 3251 2147 3325 qui

550 3354 829 3410 humanus
858 3350 1025 3407 homo
1055 3367 1199 3419 sum,
1232 3351 1340 3405 hoc
1369 3350 1577 3405 interea
1604 3345 1842 3414 rescitis,
1882 3351 1936 3401 et
1964 3344 2009 3400 si
2042 3358 2150 3397 au-

552 3444 855 3501 thenticam
903 3442 1044 3499 mihi
1073 3441 1427 3498 ostenderitis
1471 3456 1591 3513 quae
1646 3438 1807 3494 aliter
1857 3452 1913 3492 se
1957 3434 2152 3490 habeat

555 3532 802 3589 divinam
825 3547 939 3586 esse
960 3529 1430 3596 demonstrabitis,
1463 3528 1591 3600 quia
1623 3543 1722 3582 nos
1752 3523 1981 3581 humani
2012 3523 2153 3579 hanc

554 3621 615 3676 in
647 3620 832 3676 eadem
864 3618 1079 3690 synodo
1114 3617 1474 3673 constitutam
1504 3623 1558 3670 et
1585 3614 1969 3670 confirmatam
2000 3628 2153 3668 vera-

557 3710 699 3767 citer
723 3707 1000 3762 novimus.

631 3796 789 3864 Quod
805 3795 1135 3868 adjungitis:
1172 3821 1191 3843 ι
1210 3794 1341 3861 Quae
1373 3793 1515 3849 sicut
1545 3807 1614 3848 ex
1639 3790 1727 3846 bis
1755 3790 2040 3847 evidenter
2065 3807 2155 3863 po-

562 3896 643 3944 tes
663 3901 1007 3957 cognoscere,
1032 3900 1152 3956 quae
1188 3882 1293 3937 tibi
1328 3888 1519 3937 contra
1553 3880 2004 3951 praesumptiones
2036 3887 2160 3935 tuas

566 3977 752 4033 studui
784 3974 1041 4039 scribere,
1072 3974 1129 4026 in
1160 3970 1489 4044 quibusdam
1510 3969 1679 4024 sacris
1715 3969 1919 4040 regulis
1948 3968 2155 4035 obviat,

568 4073 621 4120 et
669 4062 986 4117 mendacem
1034 4060 1186 4114 illam
1233 4058 1496 4114 facillime
1527 4075 1711 4130 posses
1756 4056 2058 4125 advertere,
2114 4056 2159 4112 si

569 4155 700 4209 illos
726 4152 917 4208 oculos
944 4149 1228 4205 habuisses
1249 4148 1307 4204 in
1328 4148 1523 4220 capite,
1557 4147 1623 4203 de
1653 4145 1854 4219 quibus
1882 4146 2164 4217 Scriptura

571 4242 707 4299 dicit
736 4258 747 4296 :
785 4240 935 4298 Oculi
962 4238 1212 4310 sapientis
1241 4238 1297 4292 in
1326 4238 1493 4309 capite
1520 4236 1633 4305 ejus
1656 4238 1852 4307 (Eccle.
1884 4235 1970 4307 ιι).
1998 4233 2164 4302 »Ωιιδε

570 4333 668 4389 illa
694 4332 824 4401 sint,
857 4346 975 4403 quae
996 4336 1186 4385 contra
1214 4327 1668 4399 praesumptiones
1693 4342 1840 4382 meas
1870 4323 2165 4396 scripseri-

572 4424 666 4492 tis,
716 4422 775 4476 in
821 4420 1022 4493 quibus
1059 4417 1343 4473 evidenter
1386 4431 1599 4488 possem
1639 4431 1988 4486 cognoscere,
2036 4413 2165 4486 quia
2194 4451 2242 4509 D

574 4511 693 4567 haec
721 4508 984 4565 dilﬁnitio
1011 4507 1070 4561 in
1100 4504 1429 4578 quibusdam
1458 4504 1627 4561 sacris
1660 4504 1865 4576 regulis
1894 4503 2163 4570 obviaret,

576 4599 790 4671 ignoro,
824 4612 924 4653 nec
957 4612 1026 4651 ex
1063 4596 1283 4666 scriptis
1314 4586 1511 4649 vestris
1542 4609 1628 4646 me
1659 4608 1770 4647 non
1796 4591 2005 4662 agendo
2034 4608 2164 4662 prae-

578 4686 874 4758 sumpsisse
903 4700 1252 4754 recognosco,
1273 4682 1402 4754 quia
1432 4696 1517 4735 me
1547 4696 1616 4736 ex
1645 4679 1858 4737 actibus
1887 4680 2167 4736 conscien-

578 4776 671 4832 tiae
702 4791 833 4830 meae
864 4790 960 4844 pro
1002 4773 1140 4830 scire
1186 4774 1481 4845 perpendo,
1538 4787 1649 4827 non
1700 4786 1770 4826 ex
1818 4770 2170 4826 denotatione

581 4863 977 4935 scripturarum
1026 4871 1330 4918 vestrarum
1376 4860 1595 4932 dejicio.
1638 4857 1797 4925 Quod
1828 4858 2014 4913 dicitis
2043 4856 2173 4929 quia

584 4952 902 5010 mendacem
936 4952 1089 5006 illam
1114 4967 1230 5006 esse
1256 4949 1522 5006 facillime
1543 4962 1758 5020 possem
1786 4946 2091 5015 advertere,
2125 4945 2171 5001 si

584 5043 711 5098 illos
739 5041 931 5098 oculos
965 5039 1277 5095 habuissem
1298 5039 1357 5093 in
1377 5036 1573 5108 capite,
1602 5034 1669 5090 de
1700 5034 1900 5106 quibus
1929 5033 2170 5106 Scriptu-

585 5148 646 5187 ra
670 5130 835 5188 dicit:
866 5129 1018 5183 Oculi
1046 5127 1299 5197 sapientis
1330 5125 1386 5178 in
1412 5124 1579 5195 capite
1608 5122 1741 5192 ejus,
1775 5122 1904 5177 illos
1945 5138 2032 5177 me
2064 5123 2172 5178 ha—

584 5219 712 5275 bere
749 5218 937 5274 oculos
973 5232 1081 5271 non
1117 5215 1287 5286 jacto,
1331 5213 1427 5269 sed
1456 5213 1669 5267 utinam
1699 5212 1994 5283 adepturus
2022 5210 2177 5267 desi-

588 5309 739 5364 dero.
790 5307 901 5363 Nec
947 5306 1076 5361 illos
1103 5303 1437 5375 sapientium
1470 5301 1670 5356 habere
1699 5300 1848 5368 volo,
1881 5299 1947 5355 de
1978 5299 2177 5372 quibus

589 5396 794 5453 dicitur
828 5413 839 5450 :
877 5396 1142 5468 Sapientes
1172 5400 1296 5449 sunt
1322 5399 1378 5448 ut
1405 5390 1610 5463 faciant
1639 5391 1808 5459 mata,
1846 5390 1966 5444 bene
2003 5395 2179 5444 autem

592 5481 765 5550 facere
790 5486 1027 5540 nesciunt
1057 5484 1192 5555 (Jer.
1217 5485 1321 5555 iv).
1358 5482 1469 5539 Nec
1499 5481 1622 5553 plus
1656 5480 1784 5535 volo
1806 5494 1991 5550 sapere
2013 5493 2176 5550 quam

595 5576 808 5640 oportet
836 5588 1042 5643 sapere,
1074 5573 1168 5628 sed
1188 5587 1373 5642 sapere
1389 5569 1458 5625 ad
1474 5569 1826 5624 sobrietatem
1850 5566 2024 5637 (Rom.
2048 5566 2180 5639 χιι),

2236 1823 2415 1880 sticon
2435 1819 2663 1877 domino
2684 1816 2797 1888 regi
2825 1814 3147 1872 devotivum
3172 1808 3570 1882 praemittentes
3599 1805 3679 1860 ita
3696 1804 3826 1860 inci-

2236 1913 2389 1985 pilis,
2422 1918 2612 1967 sancta
2652 1906 2910 1979 Synodus
2954 1908 3283 1974 congregata
3329 1899 3386 1954 in
3424 1897 3562 1951 villa
3600 1895 3828 1949 Tusiaco

2239 1982 2513 2057 Tullensis
2539 1995 2831 2069 parochiaa.
2866 1995 2929 2049 In
2961 1991 3066 2048 hac
3093 1997 3276 2044 autem
3304 2003 3425 2060 quae
3453 1984 3673 2056 incipit,
3695 1982 3825 2039 Cum

2240 2095 2298 2151 in
2326 2092 2551 2149 nomine
2577 2090 2677 2146 Dei
2707 2085 3127 2158 omnipotentis,
3161 2081 3404 2154 primum
3443 2075 3594 2133 istud
3624 2076 3702 2129 ita
3732 2074 3826 2128 in-

2241 2182 2404 2239 choat
2432 2179 2740 2251 capitulum
2764 2194 2776 2232 :
2822 2177 2918 2231 «In
2939 2173 3135 2246 primis
3151 2170 3343 2242 igitur,
3359 2173 3583 2239 propter
3598 2162 3829 2236 pertina-

2243 2271 2389 2331 ciam,
2431 2269 2759 2331 multorum,
2808 2263 2903 2338 qui
2951 2278 3078 2320 cum
3110 2260 3222 2316 sint
3266 2255 3536 2326 sacrilegi,
3570 2252 3829 2323 templum

2244 2366 2345 2423 Dei
2376 2365 2436 2419 in
2466 2360 2776 2433 semetipsis
2798 2362 3234 2428 corrumpentes,
3265 2367 3443 2408 sacras
3474 2366 3558 2405 res
3586 2365 3660 2403 ex
3690 2347 3828 2401 obla-

2248 2455 2396 2510 tione
2435 2461 2489 2509 et
2519 2458 2649 2506 voto
2678 2447 2927 2504 fidelium
2953 2445 3123 2501 sacris
3145 2441 3283 2499 locis
3308 2437 3645 2495 contraditas
3686 2436 3829 2490 inva-

2247 2544 2374 2600 dere
2428 2558 2540 2598 non
2589 2540 2819 2606 timent,
2871 2536 3164 2592 statuimus
3227 2529 3528 2587 secundum
3597 2527 3835 2598 regulam

2238 2633 2532 2704 antiquam
2562 2637 2779 2703 patrum
2832 2634 3167 2691 nostrorum,
3211 2628 3272 2676 ut
3302 2620 3347 2677 si
3378 2619 3501 2693 quis
3529 2616 3832 2673 oblationes

2251 2725 2557 2790 fructuum,
2589 2729 2643 2777 et
2672 2735 2854 2775 rerum
2883 2716 3132 2773 omnium
3163 2730 3284 2785 quae
3307 2710 3574 2766 ministris
3599 2707 3839 2764 ecclesia

2252 2814 2635 2878 conferuntur,
2677 2818 2772 2864 aut
2800 2808 3046 2864 collecta:
3077 2812 3228 2870 sunt,
3252 2809 3410 2858 extra
3427 2798 3720 2857 ecclesiam
3750 2814 3838 2852 ac-

2252 2903 2303 2959 ci
2310 2918 2434 2974 pere
2451 2900 2536 2956 vel
2558 2900 2685 2955 dare
2707 2895 3154 2967 volueritpraater
3173 2889 3566 2949 conscientiam
3578 2884 3837 2957 episcopi,

2255 2990 2344 3045 vel
2371 2989 2489 3061 ejus
2518 2988 2616 3061 qui
2646 2986 2985 3044 constitutus
3012 2990 3093 3040 est
3126 2983 3193 3038 ab
3221 2998 3286 3038 eo
3314 2979 3387 3037 ad
3415 2975 3838 3050 dispensandum

2181 3109 2225 3168 ο
2256 3078 2438 3135 oﬂicio
2467 3077 2838 3134 ecclesiastico
2872 3073 3157 3145 disposita,
3188 3078 3300 3127 tam
3333 3071 3382 3126 is
3406 3068 3499 3140 qui
3528 3068 3644 3133 dat,
3682 3080 3837 3137 quam

2260 3168 2307 3224 is
2345 3167 2441 3241 qui
2489 3167 2710 3238 accipit,
2749 3165 3039 3220 anathema
3083 3162 3155 3217 sit
3195 3159 3410 3232 judicio
3455 3152 3843 3227 omnipotentis

2260 3256 2380 3324 Dei,
2401 3254 2507 3311 nisi
2530 3254 2844 3325 resipuerit,
2866 3259 3131 3325 perpetuo
3148 3249 3461 3312 damnatus,
3485 3255 3537 3301 et
3557 3244 3793 3315 reliqua.
3815 3266 3832 3289 ι

2262 3346 2366 3404 Cui
2398 3345 2619 3401 decreto
2650 3350 2704 3399 et
2734 3360 2832 3399 vos
2862 3342 2921 3398 in
2951 3340 3181 3414 epistola
3225 3345 3409 3394 vestra
3452 3336 3525 3391 ita
3552 3333 3845 3390 concinere

2262 3434 2555 3503 videmini,
2588 3433 2732 3488 inter
2762 3432 2870 3488 alia
2898 3430 3229 3503 inquientes,
3247 3426 3444 3483 dicunt
3461 3424 3602 3485 enim
3626 3421 3743 3490 illi,
3762 3418 3844 3492 qui

2264 3525 2321 3580 in
2342 3524 2481 3581 coelo
2511 3529 2740 3593 regnant
2767 3529 2821 3576 et
2847 3520 2906 3574 in
2936 3527 3083 3575 terra
3112 3515 3399 3572 miraculis
3420 3519 3737 3574 coruscant,
3758 3506 3841 3580 qui

2264 3623 2318 3670 et
2354 3629 2526 3685 usque
2551 3611 2716 3667 hodie
2749 3610 3037 3666 nobiscum
3058 3607 3279 3674 vivunt,
3301 3612 3357 3660 et
3384 3620 3508 3660 cum
3530 3597 3845 3657 successori-

2263 3703 2368 3758 bus
2414 3701 2618 3758 nostris
2663 3716 2835 3773 usque
2881 3699 2940 3754 in
2974 3705 3298 3770 perpetuum
3343 3694 3559 3759 vivent,
3592 3688 3848 3761 quoniam

2266 3790 2410 3863 apud
2449 3792 2624 3846 Deum
2654 3796 2736 3845 est
2775 3801 2985 3844 merces
3027 3802 3237 3842 eorum.
3288 3783 3345 3839 Si
3382 3781 3505 3855 quis
3556 3777 3849 3835 oblationes

2269 3879 2511 3937 ecclesiae
2538 3886 2697 3934 extra
2733 3875 3022 3933 ecclesiam
3063 3874 3309 3944 accipere
3339 3871 3424 3925 vel
3463 3869 3591 3925 dare
3616 3863 3851 3921 voluerit

2271 3977 2467 4043 praeter
2500 3966 2895 4024 conscientiam
2923 3963 3186 4037 episcopi,
3220 3962 3305 4017 vel
3338 3959 3456 4032 ejus
3479 3958 3570 4016 cui
3600 3955 3785 4027 hujus.

2343 4058 2491 4116 Modi
2523 4056 2706 4112 cilicio
2734 4053 3027 4111 commissa
3048 4059 3197 4119 sunt,
3222 4065 3321 4107 nec
3340 4065 3468 4106 cum
3489 4047 3605 4118 ejus
3624 4040 3852 4099 voluerit

2274 4164 2429 4220 agere
2475 4145 2731 4213 consilio,
2769 4142 3062 4200 anathema
3105 4141 3195 4197 sit.
3249 4137 3561 4194 Anathema
3588 4142 3767 4190 autem
3798 4130 3851 4185 in

2274 4218 2518 4291 Romana
2568 4234 2752 4304 lingua
2778 4229 3032 4286 alienatio
3064 4229 3495 4300 interpretatur:
3529 4223 3660 4297 quia
3684 4218 3853 4277 omnis

2277 4325 2406 4381 talia
2437 4323 2665 4389 faciens,
2696 4319 2943 4394 quandiu
2974 4319 3030 4374 in
3059 4318 3171 4373 illis
3203 4324 3405 4382 manet,
3440 4314 3571 4370 licet
3601 4329 3703 4367 nos
3738 4308 3858 4380 epi-

2275 4412 2448 4485 scopi,
2486 4411 2581 4482 qui
2614 4410 2671 4465 in
2701 4409 2989 4481 apostolis,
3019 4415 3220 4463 etcum
3240 4403 3529 4477 apostolis,
3551 4416 3661 4456 non
3682 4405 3861 4453 nostro

2277 4501 2496 4569 merito,
2528 4499 2620 4556 sed
2657 4498 2832 4571 gratia
2863 4497 3057 4554 divina
3103 4494 3312 4567 ligandi
3357 4500 3412 4547 et
3439 4487 3693 4547 solvendi
3723 4494 3863 4558 pote-

2275 4599 2469 4648 statem
2503 4589 2827 4661 accipimus,
2873 4585 3153 4641 interdum
3202 4582 3384 4639 divini
3430 4596 3622 4638 sensus
3669 4572 3863 4647 ignari,

2277 4679 2559 4737 interdum
2592 4659 2711 4751 quae
2750 4675 3181 4732 committuntur
3209 4671 3538 4737 nescientes,
3573 4659 3866 4739 aliquando

2278 4769 2441 4824 etiam
2472 4765 2768 4822 commissa
2800 4770 2857 4820 ut
2885 4761 3111 4835 expedit
3157 4759 3432 4831 corrigere
3463 4772 3575 4812 non
3602 4753 3864 4815 valentes,

2281 4873 2400 4929 quae
2422 4863 2624 4911 statuta
2644 4861 2773 4909 sunt
2801 4851 3028 4924 exsequi
3077 4848 3518 4913 dissimulemus,
3567 4842 3652 4897 vel
3697 4840 3867 4896 etiam

2281 4928 2640 5015 negligamus,
2674 4949 2737 4996 ut
2772 4942 2936 4995 talem
2965 4938 3246 4994 hominem
3277 4935 3343 4991 ab
3366 4932 3613 4992 Ecclesia
3641 4938 3698 4985 et
3726 4928 3871 4983 ﬁde-

2285 5031 2420 5087 lium
2447 5029 2707 5086 societate
2755 5026 3300 5085 excommunicantes
3352 5039 3463 5078 non
3507 5030 3870 5091 segregemus,

2278 5118 2389 5191 jam
2420 5126 2603 5174 tamen
2651 5134 2682 5172 a
2710 5116 2878 5173 sacris
2920 5112 3226 5172 canonibus
3264 5106 3783 5168 excommunicatus
3826 5108 3873 5155 et

2285 5208 2696 5281 praedamnatus
2721 5216 2824 5274 est,
2862 5205 3038 5261 donec
3067 5210 3351 5275 peccatum
3384 5198 3526 5254 illud
3559 5197 3796 5257 deserat,
3826 5195 3873 5243 et

2288 5316 2383 5371 per
2410 5298 2838 5356 satisfactionem
2879 5293 3333 5360 ecclesiasticam,
3378 5298 3433 5346 et
3482 5283 3873 5345 sacerdotalem

2289 5389 2815 5455 reconciliationem,
2836 5385 3056 5442 Domini
3075 5383 3328 5456 gratiam,
3356 5388 3410 5435 et
3430 5378 3673 5435 ﬁdelium
3704 5371 3875 5427 socie-

2290 5486 2456 5535 tatem
2487 5478 2713 5551 recipiat
2742 5496 2752 5533 :
2787 5483 2841 5532 et
2870 5475 3185 5548 quicunque
3210 5471 3269 5526 in
3300 5466 3536 5543 peccatis
3558 5462 3669 5520 suis
3708 5468 3767 5517 et
3794 5467 3882 5513 ta—

2291 5567 2436 5623 libus
2463 5566 2760 5624 sceleribus
2788 5563 3123 5639 implicatus,
3157 5568 3283 5617 ante
3312 5552 3745 5615 satisfactionem
3777 5560 3885 5601 ne-
