4078 6182
295 267 427 325 1041

1491 275 1853 333 ()PUSCULA
1889 279 1980 334 ET
2017 281 2400 340 EPISTOL/E.
2496 284 2501 295 ’

3456 298 3594 356 1042

289 420 585 520 cessariam
632 420 806 477 vitam
831 422 1031 520 ‘istam-
1063 424 1783 520 ﬁnierittcommunionem
1829 440 1883 486 et
1914 434 1963 493 Α
1996 432 2192 489 Paulus
2218 438 2497 507 apostolus
2524 439 2782 496 admonet
2810 441 2928 498 sic:
2954 444 3103 511 Filii,
3140 446 3338 503 obedite
3352 454 3591 520 parenti-

290 509 611 566 societatem
641 526 766 565 cum
797 512 986 569 electis
1014 514 1076 569 in
1107 530 1274 586 regno
1291 515 1393 571 Dei
1422 515 1623 572 habere
1652 519 1886 576 nullate-

289 614 396 652 nus
424 598 649 669 poterit,
682 614 782 654 nec
804 599 872 655 de
897 600 1102 657 inferni
1134 603 1311 674 poenis
1340 611 1396 659 et
1424 605 1738 662 daemonum
1787 625 1887 664 so—

288 687 489 743 cietate
518 702 764 758 unquam
798 687 1023 745 liberari
1052 691 1279 747 valebit.
1304 692 1407 748 Sed
1423 702 1553 749 sunt
1568 695 1708 751 forte
1728 698 1883 765 tales,

287 776 385 848 qui
405 774 701 846 privilegia
728 776 795 831 de
818 776 950 832 lacis
966 785 1021 832 et
1036 777 1199 834 rebus
1219 781 1335 835 Deo
1350 780 1548 837 dicatis
1568 791 1884 840 sanctorum

292 862 554 919 manibus
573 863 899 920 conﬁrmata
913 866 1503 938 parvipendentes,sibi
1521 872 1649 943 quia
1668 873 1882 943 volunt,

284 969 399 1008 non
431 953 562 1026 quia
590 960 841 1024 possunt,
886 958 1488 1015 excommunicationes
1534 961 1886 1033 usurpatori—

284 1042 391 1098 bus
422 1059 608 1099 rerum
634 1051 689 1098 et
741 1042 1066 1101 facultatum
1100 1047 1589 1105 ecclesiasticarum
1628 1067 1659 1106 a
1683 1052 1887 1107 sanctis

286 1130 514 1186 Domini
580 1131 880 1186 intentatas
917 1132 1199 1202 alleviant,
1240 1135 1488 1193 dicentes
1535 1155 1591 1194 se
1638 1156 1736 1211 pro
1781 1140 1887 1196 hoc

286 1218 441 1274 illata
467 1219 844 1287 damnatione,
879 1221 938 1276 id
971 1230 1052 1277 est
1097 1225 1463 1282 anathematis
1500 1227 1727 1285 vinculo
1770 1245 1883 1284 non

285 1308 463 1363 teneri
496 1327 507 1364 :
538 1308 605 1364 de
634 1307 835 1381 quibus
863 1319 1086 1367 sanctus
1114 1313 1413 1386 Gregorius
1441 1316 1499 1371 in
1549 1317 1781 1388 epistola
1817 1317 1883 1372 ad

285 1394 660 1452 Theoctistam
696 1396 983 1468 patriciam
1009 1398 1148 1455 dicit
1178 1400 1295 1470 (lib.
1319 1404 1691 1474 1x,epist.39):
1718 1404 1880 1476 «Ipsi,

286 1484 570 1557 inquiens,
599 1484 704 1541 sibi
734 1493 899 1542 testes
929 1494 1079 1556 sunt,
1112 1489 1242 1560 quia
1262 1490 1564 1546 Christiani
1594 1508 1703 1547 non
1730 1500 1879 1561 sunt,

283 1573 384 1646 qui
409 1575 700 1645 ligamenta
726 1581 929 1631 sanctae
957 1576 1221 1634 Ecclesiae
1250 1581 1421 1636 variis
1451 1597 1508 1637 se
1557 1582 1882 1639 existimant

283 1664 582 1720 conatibus
608 1666 838 1733 solvere,
866 1681 929 1721 ac
960 1682 1056 1737 per
1083 1667 1189 1724 hoc
1217 1685 1320 1726 nec
1346 1670 1751 1728 absolutionem
1780 1675 1883 1730 Ec-

1999 522 2092 576 bus
2117 525 2305 579 vestris
2333 525 2386 580 in
2412 527 2637 584 Domino
2670 528 2886 601 (Ephes.
2915 532 3021 603 v1).
3057 534 3118 588 In
3141 535 3381 591 Domino
3408 548 3591 596 autem

1998 610 2219 668 obedire
2251 621 2353 681 est,
2380 622 2442 670 ut
2481 616 2596 687 ipse
2641 618 2800 674 docet
2832 620 3102 677 Dominus
3136 640 3147 677 :
3181 624 3283 689 Qui
3314 634 3460 680 amat
3479 645 3593 697 pa—

2001 706 2129 755 trem
2152 703 2277 772 plus
2306 718 2466 772 quam
2512 722 2607 772 me,
2644 715 2870 761 nonest
2894 726 2974 763 me
3015 710 3205 781 dignus
3257 711 3469 781 (Matth.
3505 715 3587 786 x).

1998 789 2152 845 Unde
2180 799 2233 846 et
2262 793 2393 848 item
2429 811 2440 848 :
2475 793 2534 850 Si
2556 796 2740 849 oculus
2770 803 2889 852 tuus
2941 799 3124 855 dexter
3166 803 3502 859 scandalizat
3525 810 3589 874 te,

1996 893 2117 933 erue
2134 896 2250 933 eum
2272 881 2364 935 abs
2392 887 2436 935 te
2457 882 2668 953 (Matth.
2701 887 2784 955 v).
2815 911 2833 933 n
2876 885 3035 953 Quod
3064 888 3142 943 ita
3161 890 3320 959 plane
3345 890 3401 946 S.
3419 908 3589 964 expo-

1998 966 2083 1023 nit
2108 970 2451 1039 Augustinus
2483 971 2677 1043 (Serm.
2707 973 2863 1030 Dom.
2898 975 2955 1028 in
2973 984 3162 1044 monte,
3190 978 3279 1033 lib.
3312 980 3355 1049 ι)
3394 998 3405 1035 :
3450 1005 3467 1027 ι
3491 981 3593 1037 Hic

1997 1071 2128 1111 vero
2157 1073 2352 1128 magna
2380 1074 2518 1130 opus
2537 1067 2618 1115 est
2649 1061 2980 1119 fortitudine
3005 1064 3073 1119 ad
3114 1065 3362 1122 membra
3382 1069 3586 1138 praeci-

1996 1143 2193 1202 denda.
2226 1146 2509 1219 Quidquid
2555 1149 2703 1204 enim
2744 1159 2825 1206 est
2864 1153 3011 1225 quod
3057 1153 3330 1223 signiﬁcat
3368 1158 3580 1226 oculus,

1996 1235 2114 1289 sine
2144 1234 2315 1290 dubio
2339 1236 2444 1291 tale
2472 1246 2553 1293 est
2580 1240 2729 1310 quod
2776 1240 3133 1297 vehementer
3173 1242 3447 1314 diligitur.
3478 1247 3588 1302 So—

1997 1323 2072 1377 let
2110 1324 2256 1379 enim
2304 1333 2359 1380 et
2407 1324 2474 1379 ab
2517 1325 2596 1381 eis
2626 1328 2720 1398 qui
2765 1328 3123 1384 vehementer
3165 1332 3362 1387 volunt
3391 1335 3588 1405 expri—

1997 1428 2143 1466 mere
2171 1412 2522 1469 dilectionem
2555 1431 2709 1471 suam
2741 1415 2819 1471 ita
2847 1417 2979 1484 dici,
3012 1418 3194 1490 Diligo
3214 1435 3340 1474 eum
3370 1430 3433 1477 ut
3460 1439 3586 1479 ocu-

1996 1502 2109 1557 lum
2140 1519 2345 1571 meum,
2395 1513 2490 1560 aut
2526 1504 2690 1561 etiam
2725 1514 2787 1561 ut
2835 1510 3024 1563 oculos
3064 1525 3231 1565 meos.
3260 1510 3587 1584 Quanquam

1993 1592 2142 1646 enim
2172 1591 2241 1647 ad
2288 1593 2589 1650 videndum
2634 1594 2725 1650 isti
2756 1597 2903 1652 oculi
2948 1598 3193 1669 corporis
3220 1588 3589 1657 communiter

1992 1679 2364 1749 attendantur,
2391 1689 2445 1737 et
2464 1682 2510 1738 si
2530 1683 2691 1739 ambo
2712 1685 2969 1741 similiter
2988 1686 3367 1757 intendantur,
3396 1706 3590 1762 aequa—

281 1753 469 1808 clesiae
499 1770 658 1846 quam
680 1762 906 1846 praestat
938 1752 1197 1813 ﬁdelibus
1224 1775 1407 1814 veram
1440 1769 1657 1833 putant,
1682 1762 1726 1817 si
1751 1762 1880 1833 liga-
1910 1781 1955 1839 Β
1994 1770 2120 1825 liter
2181 1773 2412 1842 possint,
2471 1776 2708 1846 amplius
2748 1784 2929 1832 tamen
2990 1778 3293 1835 formidant
3336 1752 3587 1836 homines

282 1848 441 1897 turas
463 1840 582 1913 ejus
608 1842 789 1900 valere
818 1861 931 1901 non
974 1847 1267 1903 aestimant.
1315 1847 1521 1905 Contra
1566 1866 1703 1922 quos
1745 1849 1883 1904 diu—

284 1928 402 1983 tius
423 1928 813 2003 disputandum
835 1950 947 1989 non
968 1936 1205 2007 est,quia
1224 1936 1564 2007 despiciendi
1585 1954 1682 2010 per
1695 1938 1882 1993 omnia

281 2024 341 2074 et
366 2018 871 2077 auathematizandi
900 2031 1050 2090 sunt,
1089 2032 1144 2079 et
1174 2024 1320 2079 unde
1350 2041 1408 2081 se
1446 2025 1636 2081 fallere
1682 2026 1879 2082 verita-

288 2112 399 2161 tem
429 2107 684 2177 credunt,
717 2109 846 2165 inde
871 2111 928 2166 in
957 2112 1196 2183 peccatis
1214 2112 1329 2168 suis
1349 2114 1620 2170 veraciter
1640 2114 1881 2186 ligantur

357 2213 414 2269 Si
444 2210 538 2287 qui
568 2224 697 2271 sunt
726 2217 917 2290 igitur,
940 2219 1034 2291 qui
1056 2219 1158 2275 sub
1179 2220 1405 2275 nomine
1426 2219 1743 2277 Christiano
1765 2220 1882 2277 haec

279 2310 378 2357 aut
406 2304 699 2374 praedicare
749 2307 973 2375 audent,
1018 2316 1112 2363 aut
1159 2308 1327 2365 tacita
1362 2309 1505 2380 apud
1561 2308 1881 2380 semetipsos

280 2398 488 2461 tenere,
520 2410 614 2450 eos
637 2403 690 2451 et
720 2413 819 2468 ego
868 2414 1061 2454 omnes
1113 2398 1376 2455 catholici
1424 2399 1687 2471 episcopi,
1718 2407 1880 2471 atque

278 2480 616 2540 universalis
663 2486 928 2555 Ecclesia,
974 2487 1524 2557 anathematizamus,
1562 2488 1692 2560 quia
1724 2488 1879 2542 veri-

279 2573 384 2627 tati
441 2576 716 2633 contraria
750 2578 1018 2647 sentiunt,
1069 2587 1124 2634 et
1169 2578 1446 2636 contraria
1494 2579 1815 2651 loquuntur.
1845 2601 1864 2624 ι

281 2662 400 2718 Hoc
428 2664 761 2736 Apostolicaa
791 2669 1138 2725 auctoritatis
1176 2667 1479 2736 decretum,
1514 2668 1679 2724 etiam
1714 2684 1746 2724 a
1774 2685 1881 2724 ve-

279 2759 396 2807 stra
426 2753 698 2825 probitate
730 2756 809 2813 sic
838 2758 1168 2813 assumendo
1203 2755 1521 2828 probatum,
1555 2757 1599 2812 si
1640 2765 1702 2813 ut
1731 2757 1880 2813 scri-

281 2841 475 2911 psistis
503 2843 643 2898 mihi
673 2852 754 2899 est
785 2847 1123 2917 sequendum
1150 2862 1214 2902 ac
1244 2845 1559 2914 tenendum,
1591 2846 1782 2918 utique
1827 2855 1881 2902 et

278 2929 545 2985 omnibus
572 2940 775 2989 sanctae
814 2933 1076 2989 Ecclesiae
1124 2933 1275 3001 ﬁliis,
1311 2935 1403 3005 qui
1443 2918 1881 2990 Christianitatis

278 3019 508 3074 nomine
536 3020 704 3091 potiri
733 3020 1075 3092 delegerunt,
1107 3023 1212 3077 erit
1232 3021 1570 3095 sequendum
1602 3038 1664 3077 ac
1692 3030 1882 3078 tenen-

1990 1859 2249 1915 dextrum
2281 1862 2552 1919 amittere.
2591 1865 2661 1919 Ut
2682 1864 2785 1920 iste
2805 1865 2878 1921 sit
2905 1882 3113 1933 sensus,
3147 1868 3418 1941 quidquid
3447 1869 3588 1925 illud

1989 1956 2070 2003 est
2102 1950 2249 2020 quod
2284 1951 2360 2006 ita
2391 1952 2601 2023 diligis,
2634 1961 2695 2008 ut
2725 1970 2824 2024 pro
2859 1955 3056 2011 dextro
3087 1958 3249 2011 oculo
3285 1956 3503 2025 habeas,
3540 1957 3588 2011 si

1989 2038 2322 2094 scandalizat
2336 2047 2411 2107 te,
2443 2040 2502 2095 id
2529 2048 2613 2095 est
2641 2040 2686 2095 si
2712 2041 2814 2096 tibi
2838 2042 3236 2113 impedimento
3266 2053 3348 2098 est
3377 2044 3446 2099 ad
3477 2060 3587 2099 ve-

1988 2142 2104 2181 ram
2134 2128 2555 2199 beatitudinem,
2586 2147 2714 2188 erue
2743 2133 2904 2189 illum
2932 2142 2987 2190 et
3015 2134 3221 2205 projice
3250 2134 3344 2189 abs
3373 2143 3459 2191 te:
3494 2151 3584 2191 ex-

1988 2217 2139 2287 pedit
2167 2217 2314 2271 enim
2342 2219 2445 2273 tibi
2469 2228 2532 2274 ut
2564 2229 2748 2290 pereat
2781 2238 2955 2277 unum
2987 2222 3185 2277 horum
3220 2239 3340 2294 quae
3369 2223 3580 2294 diligis,

1989 2310 2179 2375 utpote
2207 2315 2470 2378 tanquam
2502 2308 2749 2364 membra
2793 2308 2895 2363 tibi
2926 2309 3250 2376 inhaereant,
3298 2326 3462 2382 quam
3492 2319 3589 2365 to-

1989 2400 2109 2449 tum
2139 2410 2339 2464 corpus
2374 2402 2530 2449 tuum
2561 2402 2648 2450 eat
2699 2396 2757 2450 in
2787 2396 3114 2467 gehennam.
3160 2398 3319 2468 Cogit
3345 2415 3587 2469 quaerere

1989 2480 2313 2552 diligentius
2340 2482 2475 2553 quid
2505 2484 2712 2538 dixerit
2739 2483 2962 2539 oculum
2988 2502 3000 2539 :
3035 2484 3093 2538 in
3133 2501 3240 2556 qua
3271 2486 3578 2556 quaestione

1989 2570 2132 2626 nihil
2150 2571 2289 2626 mihi
2302 2572 2967 2644 occurritcongruentius,
2986 2590 3150 2646 quam
3162 2574 3585 2632 dilectissimum

1988 2660 2249 2717 amicum.
2281 2660 2419 2715 Nam
2447 2659 2552 2717 hoc
2581 2668 2663 2715 est
2691 2661 2882 2733 uﬂtique
2912 2663 3058 2733 quod
3099 2663 3408 2718 membrum
3437 2671 3585 2718 recte

1990 2768 2283 2824 possumus
2312 2752 2610 2823 appellare,
2645 2752 2791 2823 quod
2824 2752 3178 2809 vehementer
3205 2753 3513 2824 diligimus,
3532 2760 3588 2807 et

1988 2840 2139 2897 hunc
2162 2840 2563 2909 consiliarium,
2588 2843 2717 2914 quia
2736 2843 2930 2897 oculus
2958 2852 3042 2898 est
3070 2850 3333 2915 tanquam
3355 2842 3586 2897 demon-

1988 2937 2168 2986 strans
2196 2930 2336 2997 iter;
2369 2940 2425 2987 et
2453 2932 2512 2986 in
2544 2933 2707 2989 rebus
2726 2930 2959 2997 divinis,
2991 2931 3121 3003 quia
3153 2931 3348 2987 dexter
3375 2940 3457 2987 est
3483 2949 3495 2987 :
3524 2939 3587 2986 ut

1988 3018 2212 3075 sinister
2228 3019 2300 3075 sit
2325 3020 2561 3077 dilectus
2579 3020 2804 3093 quidem
2825 3019 3197 3086 consiliarius,
3225 3020 3318 3075 sed
3341 3020 3399 3073 in
3423 3019 3586 3075 rebus

280 3106 599 3164 dumllude
633 3124 747 3164 non
779 3108 917 3164 mihi
951 3109 1237 3166 videretur
1268 3110 1496 3181 dignum
1547 3110 1879 3166 excellentia
1917 3131 1961 3191 ο
1990 3108 2223 3164 terrenis
2257 3109 2325 3165 ad
2354 3111 2733 3168 necessitatem
2764 3108 3010 3179 corporis
3039 3107 3482 3177 pertinentibus;
3515 3108 3585 3163 de

280 3205 467 3253 vestra
493 3199 684 3267 fuisse,
716 3208 778 3255 ut
811 3198 1069 3255 diceretis
1096 3200 1387 3255 Berthario
1418 3200 1566 3271 quod
1605 3198 1744 3254 mihi
1784 3215 1879 3254 re—

281 3288 565 3344 nuntiavit
591 3304 690 3343 vos
721 3287 948 3343 dixisse.
982 3288 1041 3343 Si
1072 3288 1172 3344 hos
1209 3290 1566 3361 praesignatos
1596 3304 1747 3343 meos
1773 3303 1883 3342 ex-

280 3378 776 3434 communicassem
810 3376 1064 3433 homines
1084 3377 1339 3466 quiltalia
1353 3386 1600 3450 egerunt,
1624 3387 1678 3434 et
1700 3377 1882 3434 adhuc

281 3474 475 3536 agunt,
497 3483 612 3523 non
642 3483 734 3523 eos
765 3466 1339 3523 excommunicatione
1385 3466 1578 3533 teneri,
1619 3466 1881 3522 videlicet

281 3555 653 3610 anathematis
684 3555 908 3611 vinculo
938 3571 1051 3611 non
1078 3555 1259 3626 ligari.
1283 3554 1388 3611 Sed
1418 3571 1530 3611 non
1550 3562 1632 3610 est
1653 3554 1878 3622 mirum,

277 3646 327 3700 si
359 3644 657 3717 parvitatis
710 3659 838 3699 mea:
868 3644 1497 3702 excommunicationem
1533 3642 1879 3715 parvipendi-

282 3734 379 3801 tis,
411 3749 478 3788 ac
509 3732 652 3787 forte
677 3731 1106 3790 irrationabilem
1151 3733 1434 3805 judicatis,
1484 3733 1704 3806 quando
1740 3749 1882 3804 apo—

273 3821 500 3877 stolicae
517 3821 659 3877 sedis
681 3824 1313 3880 excommunicationem
1335 3833 1390 3879 et
1413 3840 1511 3895 pro
1528 3824 1708 3879 nihilo
1729 3822 1879 3878 duci-

279 3914 380 3978 tis,
412 3922 470 3969 et
497 3929 596 3984 pro
614 3912 794 3968 nihilo
822 3911 1129 3968 ducendam
1151 3921 1339 3984 utpote
1359 3912 1650 3967 absurdam
1679 3911 1879 3984 praedi-

287 4002 449 4058 catis.
482 4001 848 4057 Praeadmiror
872 4008 1078 4066 tamen,
1115 4000 1246 4055 dum
1288 4000 1419 4055 talia
1462 4000 1669 4067 dicitis,
1699 4000 1747 4055 si
1789 4017 1878 4056 ve-

281 4099 456 4146 stram
510 4088 1144 4146 excommunicationem
1192 4096 1288 4143 aut
1329 4088 1881 4160 auctoritatem,‘quae

278 4198 355 4237 ex
386 4180 502 4252 ejus
531 4179 798 4252 processit
842 4176 1261 4244 constitutione,
1309 4175 1583 4247 expendet
1627 4174 1877 4243 arbitrio,

279 4270 433 4341 apud
461 4270 701 4341 aliquem
733 4283 922 4323 eorum
951 4267 1050 4339 qui
1086 4266 1192 4322 hoc
1219 4265 1476 4333 audiunt,
1494 4265 1541 4321 si
1577 4273 1881 4335 tamenvo-

279 4360 372 4415 bis
411 4358 665 4425 credunt,
698 4355 910 4428 aliquid
941 4356 1124 4411 valere
1152 4354 1459 4422 aestimatis,
1491 4362 1546 4410 et
1575 4354 1668 4426 qui
1716 4354 1880 4409 etiam

279 4450 461 4505 Deum
492 4448 750 4503 timentes
771 4446 1110 4517 agnitionem
1132 4445 1383 4500 veritatis
1404 4444 1704 4519 retinentes
1724 4444 1882 4500 vobis
1905 4485 1955 4543 D

281 4553 401 4593 non
430 4538 519 4592 his
546 4536 800 4605 credunt,
832 4552 935 4591 nec
969 4536 1026 4590 in
1058 4535 1144 4589 sui
1174 4533 1359 4589 cordis
1393 4532 1732 4589 conscientia
1752 4549 1880 4589 con-

280 4627 558 4694 sentiunt,
594 4644 706 4682 non
732 4635 917 4682 tamen
949 4632 1179 4697 possunt
1208 4624 1275 4679 de
1306 4630 1489 4678 vestra
1530 4622 1796 4694 sapientia
1824 4638 1886 4677 ac

280 4716 577 4773 sanctitate
603 4731 714 4770 non
745 4713 1047 4769 remorderi
1081 4712 1209 4769 :sed
1240 4711 1421 4784 potius
1468 4711 1727 4782 scrupulo
1774 4718 1884 4765 tam

282 4788 541 4864 nefandae
570 4822 632 4862 ac
661 4802 994 4860 detestandae
1026 4800 1497 4874 praevaricationis
1523 4799 1740 4868 offensi,
1776 4799 1885 4855 sin-

280 4897 574 4954 ceritatem
603 4904 797 4950 vestrae
828 4890 1263 4964 praestabilitatis
1291 4890 1619 4947 viliﬁcatam
1639 4896 1734 4945 aut
1757 4904 1885 4945 con-

280 4990 501 5055 dolent,
532 4995 625 5042 aut
653 4987 936 5055 derogant.
983 4981 1141 5049 Quod
1172 4980 1299 5036 ideo
1330 4980 1490 5036 vobis
1524 4980 1724 5052 pando,
1757 4979 1887 5051 quia

280 5080 513 5135 meliora
555 5081 678 5131 sunt
732 5075 957 5129 vulnera
1012 5072 1296 5141 diligentis,
1329 5089 1491 5141 quam
1535 5070 1887 5141 fraudulenta

281 5169 473 5225 oscula
519 5164 746 5220 odientis
794 5164 985 5231 (Prov.
1014 5162 1226 5231 xxvu),
1273 5160 1546 5218 scribente
1592 5166 1781 5214 sancto
1818 5160 1886 5215 ad

282 5264 543 5315 sanctum
590 5253 903 5325 Augustino
937 5251 1360 5323 Hieronymum,
1418 5273 1437 5297 ι
1464 5248 1658 5304 Nescio
1698 5255 1887 5304 utrum

284 5346 623 5404 Christianae
656 5341 919 5398 amicitiae
950 5338 1181 5413 putandi
1207 5338 1340 5404 sint,
1381 5337 1440 5393 in
1485 5336 1686 5409 quibus
1716 5338 1889 5409 magis

284 5437 440 5492 valet
465 5435 692 5508 vulgare
713 5432 1066 5506 proverbium
1093 5447 1104 5484 :
1141 5428 1477 5499 Obsequium
1499 5426 1724 5493 amicos,
1748 5426 1891 5481 veri-

290 5535 379 5584 tas
407 5525 598 5580 odium
629 5522 960 5595 parit,quam
981 5514 1739 5583 Ecclesiasticum,Fideliora
1764 5523 1891 5571 sunt

290 5619 524 5673 vulnera
558 5616 737 5683 amici,
771 5630 931 5684 quam
969 5610 1286 5669 voluntaria
1324 5609 1506 5664 oscula
1551 5606 1787 5663 inimici.
1820 5607 1891 5663 Et

1989 3213 2100 3269 quo
2137 3196 2540 3252 scandalizante
2563 3196 2900 3267 superﬂuum
2912 3202 3027 3250 erat
3038 3192 3586 3264 dicere,quandoqui-

1989 3285 2114 3340 dem
2132 3300 2234 3340 nec
2253 3284 2450 3340 dextro
2467 3284 2800 3357 parcendum
2818 3284 2909 3340 sit.
2930 3284 2991 3338 In
3010 3281 3172 3337 rebus
3183 3289 3365 3336 autem
3377 3280 3586 3336 divinis

1988 3373 2339 3430 consiliarius
2381 3372 2782 3430 scandalizatus
2812 3379 2911 3439 est,
2945 3371 2991 3426 si
3020 3370 3261 3441 aliquam
3299 3369 3609 3443 pernicio—,

1990 3478 2103 3517 sam
2126 3462 2375 3517 haeresim
2399 3462 2626 3517 nomine
2650 3459 2933 3531 religionis
2956 3467 3120 3531 atque
3134 3458 3402 3515 doctrinae
3422 3474 3583 3515 cona-

1989 3557 2080 3604 tur
2108 3549 2387 3605 inducere.
2415 3575 2434 3598 ι
2476 3551 2665 3621 Itaque
2685 3549 2833 3621 quod
2860 3546 3005 3603 nihil
3028 3556 3152 3618 post
3169 3548 3344 3602 Deum
3365 3546 3587 3602 cbarius

1988 3637 2148 3693 vobis
2168 3654 2283 3693 esse
2317 3638 2511 3694 debeat
2530 3639 2744 3709 ignoro,
2777 3637 2871 3692 sed
2900 3635 3057 3691 vobis
3078 3634 3447 3706 perniciosum
3479 3643 3583 3703 est,

1990 3732 2050 3781 ut
2080 3734 2270 3782 contra
2296 3726 2618 3797 religionem
2648 3735 2811 3798 atque
2839 3724 3152 3796 apostolicae
3196 3723 3341 3779 sedis
3367 3722 3585 3779 doctri-

1989 3833 2116 3873 nam
2145 3815 2338 3872 obvias
2384 3832 2580 3872 manus
2627 3814 2899 3882 inferatis,
2929 3821 2984 3869 et
3015 3813 3153 3868 mihi
3184 3813 3581 3884 periculosum,

1989 3906 2103 3961 imo
2129 3904 2330 3960 inutile
2359 3912 2459 3972 est,
2490 3911 2673 3960 vestro
2704 3910 2922 3959 tantum
2943 3901 3259 3960 obnubilari
3286 3916 3493 3966 amore,
3524 3908 3586 3955 ut

1990 3995 2219 4053 tacendo
2249 3994 2409 4050 vobis
2436 3994 2628 4050 videar
2653 3993 3000 4052 consentire:
3034 3992 3164 4064 quia
3206 3991 3308 4046 etsi
3338 3998 3581 4056 tacuero,

1990 4095 2044 4142 et
2072 4101 2171 4140 vos
2198 4085 2595 4151 clamaveritis,
2641 4100 2743 4141 nec
2771 4101 2871 4156 pro
2907 4083 3286 4141 taciturnitate
3312 4097 3452 4149 mea,
3484 4096 3587 4136 nec

1990 4189 2090 4246 pro
2116 4174 2355 4230 clamore
2382 4180 2586 4238 vestro,
2620 4172 2762 4226 illud
2810 4188 3052 4243 unquam
3083 4173 3343 4243 perﬁcere
3369 4170 3587 4243 poteri-

1989 4268 2080 4324 tis.
2112 4267 2386 4325 Videlicet
2406 4282 2597 4322 omnes
2621 4266 2924 4322 decretales
2942 4266 3256 4335 apostolicae
3274 4265 3434 4334 ,sedis
3456 4265 3587 4335 epi—

1989 4356 2141 4413 stolae
2159 4354 2485 4427 recipiendae
2502 4360 2684 4419 erunt,
2703 4361 2758 4408 et
2772 4368 2883 4407 non
2898 4352 3078 4406 solum
3101 4350 3449 4421 recipiendae,
3474 4351 3587 4405 imo

1989 4445 2316 4501 decernente
2345 4442 2565 4498 Gelasio
2612 4439 3007 4497 venerabiliter
3039 4446 3201 4494 erunt
3233 4437 3583 4508 recipiendae.

2060 4531 2165 4587 Sed
2184 4539 2240 4587 et
2272 4530 2366 4603 qui
2400 4529 2594 4601 prosit,
2624 4527 2773 4599 quod
2810 4528 2869 4581 in
2900 4524 3360 4598 quaternionibus
3390 4525 3588 4579 vestris

1991 4620 2197 4687 dicitis,
2234 4627 2295 4675 ut
2332 4634 2422 4674 eas
2450 4615 2842 4673 venerabiliter
2892 4621 3110 4669 tantum
3158 4613 3357 4685 legam,
3406 4612 3451 4668 si
3509 4613 3589 4668 eis

1993 4708 2383 4767 venerabiliter
2411 4706 2633 4762 obedire
2683 4720 2796 4760 non
2838 4703 3087 4770 debeam,
3138 4710 3193 4758 et
3236 4718 3422 4758 earum
3453 4717 3591 4757 san-

1991 4799 2203 4859 ctiones
2255 4794 2645 4853 venerabiliter
2697 4793 2853 4866 sequi
2909 4807 3022 4848 non
3078 4798 3338 4862 satagam,
3371 4790 3585 4863 ignoro.

1992 4886 2405 4960 Appellationes
2424 4883 2811 4956 episcoporum
2838 4880 2908 4937 ad
2931 4880 3248 4953 apostolicae
3268 4878 3414 4936 sedis
3443 4894 3589 4933 sum-

1994 4993 2148 5032 mum
2177 4975 2486 5033 antistitem
2514 4988 2627 5028 non
2657 4969 3059 5042 comprimetis,
3085 4984 3186 5023 nec
3207 4967 3349 5022 illud
3380 4965 3589 5020 Africa-

1993 5081 2128 5120 num
2158 5063 2459 5122 concilium
2483 5067 2679 5119 contra
2706 5056 3136 5115 innumerabilia
3163 5053 3608 5133 apostolicorum.

1993 5157 2210 5212 decreta
2239 5153 2527 5210 vobiscum
2554 5150 2781 5215 valebit,
2813 5165 2922 5221 quo
2951 5148 3031 5202 ait
3055 5147 3123 5203 ad
3154 5147 3358 5212 locum,
3408 5168 3427 5192 ι
3456 5144 3594 5199 Nam

1994 5257 2057 5304 ut
2084 5247 2257 5319 aliqui
2278 5254 2538 5317 tanquam
2556 5251 2714 5298 atuae
2739 5238 3052 5298 sanctitatis
3080 5239 3247 5293 latere
3277 5236 3594 5302 mittantur,

1994 5340 2153 5395 nulla
2180 5336 2499 5392 invenimus
2528 5342 2750 5405 patrum
2776 5329 2991 5403 synodo
3020 5327 3387 5384 constitutum
3421 5342 3433 5380 ;
3468 5324 3597 5395 quia

1997 5428 2138 5484 illud
2156 5425 2305 5499 quod
2325 5422 2538 5496 pridem
2560 5437 2656 5492 per
2670 5420 2927 5476 eumdem
2942 5416 3328 5487 coepiscopum
3348 5420 3597 5469 nostrum

1996 5517 2329 5575 Faustinum
2356 5520 2618 5584 tanquam
2639 5526 2711 5566 ex
2735 5516 2890 5581 parte
2917 5504 3128 5563 Nicaeni
3152 5502 3376 5561 concilii
3396 5499 3598 5558 exinde

1997 5602 2415 5671 transmisistis,
2434 5602 2492 5657 in
2512 5598 2766 5659 conciliis
2781 5594 3093 5652 verioribus
3112 5609 3232 5665 qua;
3254 5592 3600 5664 accipiuntur
