4078 6182
528 251 667 310 1043

1563 242 1902 300 HINCMARI
1943 243 2426 302 LUGDUNENSIS
2465 244 2777 302 EPISCOPI

3680 244 3807 302 1044

523 401 752 466 Nicaeni,
776 417 808 456 a
831 407 1018 457 sancto
1047 398 1259 470 Cyrillo
1296 396 1620 471 coepiscopo
1664 381 1851 452 nostro
1880 397 2116 455 Alexan-
2145 400 2195 458 A
2229 396 2497 453 Dominus
2529 415 2541 453 :
2573 397 2767 453 Beatus
2794 412 2866 463 es,
2899 394 3082 454 Siruon
3112 394 3425 461 Har-Iona,
3463 394 3594 465 quia
3620 411 3743 449 caro
3767 404 3815 451 et

524 491 696 549 drinae
734 492 1014 553 Ecclesiae,
1047 499 1099 545 et
1127 506 1160 544 a
1185 486 1490 544 venerabili
1522 486 1708 543 Attico
1732 487 2117 545 Constantino-

525 581 770 654 politano
807 580 1077 647 antistite,
1111 595 1181 635 ex
1210 577 1534 634 authentico
1576 576 1777 645 missis,
1809 593 1929 648 quae
1951 578 2116 633 etiam

525 680 650 728 ante
691 670 794 726 hoc
823 687 918 742 per
956 668 1340 726 Innocentium
1387 665 1769 739 presbyterum
1799 674 1853 722 et
1883 667 2118 723 Marcel-

524 758 639 815 lum
690 758 1109 825 subdiaconum,
1158 773 1254 829 per
1292 772 1428 828 quos
1474 755 1541 810 ad
1572 770 1672 810 nos
1700 754 1768 809 ab
1797 755 1875 810 eis
1913 754 2119 811 directa

524 858 673 917 sunt,
721 849 1051 905 venerabilis
1082 847 1361 903 memoriae
1408 844 1697 902 Bonifacio
1727 845 1983 916 episcopo
2013 845 2117 900 de-

524 939 727 996 cessori
783 945 965 994 vestro
1001 955 1033 992 a
1077 937 1238 994 nobis
1284 936 1603 993 transmissa
1636 942 1785 1002 sunt,
1827 934 1885 989 in
1919 933 2118 1006 quibus

524 1031 632 1088 tale
676 1027 883 1101 aliquid
934 1044 1042 1082 non
1092 1025 1373 1098 potuimus
1418 1026 1723 1097 reperire.»
1780 1023 1836 1080 Si
1885 1023 1974 1079 isti
2005 1038 2117 1078 non

525 1126 842 1193 potuerunt,
877 1119 1005 1189 quia
1026 1118 1166 1173 forte
1194 1119 1513 1182 noluerunt,
1543 1115 1719 1187 potuit
1748 1117 1965 1173 Marcus
1993 1131 2116 1185 apo-

526 1208 732 1265 stolica
763 1208 907 1263 sedis
935 1207 1182 1274 antistes,
1217 1208 1311 1278 qui
1359 1206 1435 1261 ita
1478 1205 1761 1276 rescripsit
1795 1205 2114 1270 Athanasio,

525 1306 579 1354 et
599 1298 873 1353 universis
904 1298 1292 1368 AEgyptiorum
1336 1296 1625 1368 episcopis,
1682 1296 1958 1366 inquiens.
1995 1320 2011 1341 ε
2045 1298 2119 1351 De

525 1389 891 1461 capitulorum
944 1403 1179 1459 namque
1228 1388 1460 1441 veritate
1519 1395 1573 1442 et
1627 1402 1857 1441 numero
1910 1386 2115 1441 Nicaeni

525 1477 770 1546 concilii,
802 1478 891 1533 cui
924 1495 1019 1532 vos
1051 1476 1364 1532 interfuisse
1396 1475 1594 1533 litteris
1631 1483 1822 1533 vestrae
1853 1475 2120 1530 fraterni—

525 1570 653 1631 tatis
682 1573 1052 1645 signiﬁcastis,
1081 1590 1111 1627 a
1135 1573 1335 1628 nostris
1356 1573 1448 1644 qui
1481 1572 1766 1627 vobiscum
1800 1588 1908 1627 una
1938 1573 2121 1627 inter-

526 1662 1211 1734 fueruntdiligentioribus
1232 1661 2116 1733 requisiwmuscolloculionibus,

2229 490 2443 560 sanguis
2478 506 2586 545 non
2614 489 2868 545 reuelauit
2898 489 3011 554 tibi,
3035 489 3124 543 sed
3152 490 3315 544 Pater
3343 505 3486 542 meus
3511 490 3606 558 qui
3648 497 3723 543 est
3762 492 3813 545 in

2230 580 2371 635 caelis
2402 579 2617 650 (Matth.
2650 580 2794 649 xw).
2843 579 2928 635 Ex
2977 587 3109 634 tunc
3145 576 3488 632 transierunt
3517 585 3723 645 vetera,
3766 586 3817 634 et

2232 668 2375 725 facta
2393 676 2521 725 sunt
2547 683 2709 722 nova.
2759 668 2868 723 Nec
2907 666 3207 723 decretales
3262 665 3535 736 epistolre,
3580 665 3818 721 diversis

2232 759 2573 829 temporibus
2603 775 2701 830 pro
2723 757 2957 813 diversis
2996 757 3176 813 causis
3204 763 3265 812 ut
3289 757 3574 827 oportebat
3600 757 3818 812 consti-

2229 855 2384 915 tutas,
2414 848 2470 903 in
2510 848 2625 903 ullo
2652 846 2759 902 sibi
2792 847 3159 902 inveniuntur
3187 845 3429 901 adversae
3464 864 3477 901 :
3505 845 3638 918 quia
3666 846 3818 901 aliud

2229 946 2329 1005 est,
2382 936 2615 993 diversis
2664 936 3008 1006 temporibus
3071 936 3375 991 secundum
3437 935 3820 991 diversitatem

2230 1025 2546 1081 morborum
2578 1025 2843 1091 diversas,
2887 1025 2991 1081 hoc
3040 1034 3121 1080 est
3154 1025 3494 1095 multiplices
3540 1033 3595 1080 et
3641 1026 3823 1080 varias

2232 1113 2476 1185 impendi
2507 1113 2897 1171 medicinaszut
2927 1114 3076 1169 enim
3106 1130 3252 1168 nova
3277 1114 3592 1168 morborum
3623 1130 3822 1185 genera

2231 1221 2377 1260 noxa
2430 1204 2956 1260 medicamentorum
3008 1204 3256 1274 indigent
3299 1203 3695 1274 experimenta,
3744 1205 3824 1260 sic

2232 1296 2407 1349 multa
2438 1293 2753 1348 morborum
2773 1309 2969 1364 genera
2991 1294 3163 1348 multa
3192 1294 3480 1364 requirunt
3514 1290 3820 1347 medicina-

2232 1399 2354 1437 rum
2395 1382 2660 1448 fomenta;
2695 1382 2849 1437 aliud
2877 1390 2957 1437 est
2984 1380 3172 1447 etiam,
3199 1381 3256 1436 in
3283 1396 3394 1436 uno
3416 1390 3661 1454 tempore
3681 1383 3820 1437 mni.

2230 1480 2315 1528 tas
2344 1473 2564 1528 veritati
2604 1472 2905 1527 contrarias
2936 1471 3138 1527 inferre
3164 1471 3464 1539 doctrinas,
3489 1472 3713 1544 quodin
3736 1471 3820 1526 his

2231 1563 2480 1634 epistolis
2506 1579 2607 1619 nec
2634 1570 2811 1634 potest
2839 1561 3101 1629 inveniri,
3134 1578 3235 1617 nec
3263 1562 3330 1617 ab
3360 1562 3476 1616 ullo
3531 1561 3820 1618 hominum

2230 1656 2393 1712 debet
2418 1657 2551 1713 dici.

526 1754 620 1825 qui
658 1755 754 1821 ita,
775 1762 836 1809 ut
867 1763 1060 1810 vestrae
1092 1761 1298 1808 testatas
1320 1760 1447 1808 sunt
1477 1753 1694 1820 litterae,
1720 1768 1938 1806 omnem
1963 1750 2120 1804 nobis
2149 1760 2192 1818 Β
2302 1745 2457 1811 Quod
2488 1754 2671 1801 autem
2704 1762 2803 1801 vos
2854 1745 2988 1799 mihi
3032 1744 3088 1800 in
3135 1747 3592 1817 quaterniouibus
3624 1747 3817 1802 vestris

525 1843 777 1900 ordinem
832 1852 1227 1915 exposuerunt,
1286 1851 1339 1897 et
1402 1850 1638 1898 vestram
1691 1842 1978 1911 epistolam
2029 1857 2122 1911 per
2178 1916 2185 1919 Α

526 1949 713 1989 omnia
756 1949 942 1987 veram
984 1948 1098 1986 esse
1142 1931 1421 1986 testificati
1450 1939 1610 1995 sunt;
1654 1946 1762 1984 non
1796 1937 1857 1984 ut
1886 1946 1984 1984 nos
2008 1929 2122 1983 ali—

526 2022 660 2091 quid
698 2021 983 2076 siuistrum
1010 2028 1189 2075 vestra
1215 2037 1283 2074 ex
1314 2029 1463 2090 parte
1493 2020 1907 2086 arbitraremur,
1936 2021 2028 2075 sed
2061 2028 2122 2074 ut

525 2124 625 2165 nos
649 2116 703 2162 et
732 2124 831 2164 vos
854 2108 1107 2178 illosque,
1137 2107 1340 2180 absque
1369 2108 1482 2163 ulla
1531 2109 1586 2164 in
1613 2108 1959 2178 postmodum
1991 2109 2120 2164 titu-

524 2198 766 2265 batione,
794 2214 963 2253 unum
996 2200 1198 2252 sentire
1226 2206 1559 2269 optaramus,
1588 2206 1642 2253 et
1663 2207 1851 2253 sancta
1879 2199 2124 2254 Romana

524 2288 789 2355 Ecclesia,
813 2303 935 2359 quae
956 2303 1170 2358 semper
1192 2287 1542 2343 immaculata
1565 2288 1784 2356 mansit,
1812 2298 1865 2345 et
1884 2289 2122 2344 Domino

525 2377 908 2450 providentiae,
942 2384 995 2431 et
1021 2378 1177 2432 beato
1222 2378 1469 2455 apostolo
1500 2378 1659 2434 Petro
1708 2395 1865 2450 opem
1892 2380 2118 2447 ferente,

526 2468 581 2523 in
606 2468 792 2522 futuro
810 2466 1072 2535 manebit,
1096 2467 1216 2522 sine
1237 2468 1349 2521 ulla
1362 2467 1745 2524 haereticorum
1766 2470 2122 2525 insultatione.

524 2556 684 2613 ﬁrma
726 2564 780 2611 et
819 2555 1123 2611 immobilis
1188 2554 1339 2610 omni
1386 2564 1633 2627 tempore
1691 2558 1960 2628 persistat.
2027 2559 2122 2613 His

525 2645 708 2715 itaque
762 2646 1016 2714 peractis,
1067 2645 1361 2715 diligenter
1418 2648 1757 2718 requirentes
1815 2650 1869 2703 in
1922 2657 2121 2707 sanctae

526 2741 727 2788 nostra
755 2735 1068 2804 apostolicus
1107 2733 1252 2789 sedis
1285 2734 1512 2802 scrinio,
1550 2736 1740 2791 eadem
1771 2752 1891 2807 quae
1918 2747 2121 2795 sancta)

524 2821 923 2877 recordationis
951 2822 1333 2893 praedecessori
1369 2841 1491 2880 meo
1531 2826 1796 2882 Sil\estro
1819 2834 1947 2882 sunt
1966 2827 2123 2883 dire-

523 2922 631 2980 cta,
683 2914 1030 2984 septuaginta
1076 2914 1219 2969 sicut
1273 2915 1625 2985 signiﬁcastis
1666 2917 1905 2986 capitula
1954 2919 2125 2974 illzesa

523 3002 858 3057 invenimus.
891 3003 1013 3074 Ipsa
1041 3003 1187 3057 enim
1233 3004 1413 3071 vobis,
1457 3011 1678 3074 propter
1728 3006 2117 3062 auctoritatem

2232 1836 2543 1906 specialiter
2573 1836 2641 1890 de
2669 1835 2916 1906 epistolis
2945 1835 3079 1889 Julii
3109 1844 3160 1889 et
3189 1836 3407 1902 Felicis,
3445 1836 3605 1907 quasi
3640 1836 3707 1891 de
3736 1853 3814 1892 ca-

2231 1924 2426 1997 pitulis
2448 1924 2645 1995 synodi
2676 1924 2911 1980 Nicaeum
2943 1924 3229 1989 confectis,
3252 1924 3439 1981 dicitis
3472 1926 3812 1997 respondere,

2232 2030 2341 2069 non
2364 2013 2584 2068 videtur
2608 2021 2668 2067 ut
2694 2012 2828 2068 mihi
2854 2012 3247 2083 respondeatis,
3271 2013 3363 2069 sed
3389 2015 3574 2084 potius
3594 2023 3653 2069 ut
3676 2015 3815 2086 ipsos

2234 2105 2503 2160 mendacii
2537 2120 2763 2175 arguere
2793 2105 3089 2160 conemini.
3127 2105 3480 2176 Dignoscitur
3527 2123 3637 2179 quo
3674 2115 3816 2161 tem-

2233 2208 2363 2266 pore
2383 2193 2602 2249 Nicaeus
2627 2193 2872 2265 synodus
2900 2202 3221 2266 congregata
3246 2203 3326 2249 est
3374 2195 3650 2266 excerptis
3690 2195 3817 2266 qui-

2231 2282 2461 2339 busdam
2486 2282 2846 2354 synodalibus
2868 2284 3033 2353 gestis
3061 2284 3235 2340 sancti
3269 2285 3354 2355 syl
3367 2283 3526 2339 vestri
3560 2300 3732 2355 papas,
3770 2284 3817 2338 in

2231 2372 2433 2443 quibus
2461 2371 2704 2442 capitulo
2735 2372 2913 2443 primo
2946 2380 3015 2427 vta
3041 2373 3359 2428 continetur
3382 2392 3392 2429 :
3414 2397 3433 2421 ι
3460 2372 3819 2444 Temporibus

2231 2461 2482 2517 Silvestri
2518 2478 2666 2533 papas
2698 2470 2750 2517 et
2780 2461 3132 2519 Constantini
3163 2463 3399 2534 piissimi
3446 2464 3701 2535 Augusti,
3733 2465 3820 2518 fa-

2228 2558 2381 2607 ctum
2413 2559 2495 2606 est
2520 2567 2779 2621 magnum
2808 2553 3107 2607 concilium
3143 2553 3200 2609 in
3233 2554 3414 2609 Nicaea
3440 2553 3747 2625 Bithyniae,
3772 2562 3819 2608 et

2231 2640 2539 2711 congregati
2574 2649 2703 2695 sunt
2734 2641 3059 2711 regulariter
3090 2641 3333 2712 ejusdem
3375 2642 3625 2698 Silvestri
3672 2659 3821 2714 papa

2233 2732 2521 2811 vocatione
2547 2733 2604 2787 in
2638 2732 2875 2804 idipsum
2906 2733 3137 2788 trecenti
3154 2734 3332 2791 dicem
3353 2742 3405 2789 et
3421 2741 3544 2789 octo
3567 2734 3815 2806 episcopi

2232 2822 2521 2879 catholicet
2543 2832 2598 2878 et
2624 2823 2832 2894 reliqua
2854 2823 2880 2878 ?
2902 2824 3064 2878 »Post
3094 2841 3213 2897 quze
3243 2832 3297 2879 et
3326 2824 3580 2881 subditur
3611 2844 3624 2880 :
3672 2851 3691 2872 ι
3718 2826 3819 2880 Eo-

2230 2911 2355 2966 dem
2405 2926 2620 2982 quoque
2692 2920 2934 2984 tempore
2978 2913 3193 2969 decimo
3240 2915 3405 2969 tertio
3454 2913 3818 2971 Calendarum

2231 2999 2500 3056 Iuliarum
2528 3001 2639 3067 die,
2671 3000 2891 3071 quando
2930 3010 3294 3058 memoratum
3336 3019 3589 3075 magnum
3621 3005 3820 3060 conci-

521 3099 575 3147 et
604 3092 1060 3164 subscriptionem
1101 3100 1385 3169 tantorum.
1418 3094 1661 3158 Patrum,
1707 3100 1759 3147 et
1789 3092 1908 3163 ejus
1941 3096 2120 3166 magni
2161 3119 2203 3176 ρ
2238 3091 2375 3146 lium
2406 3092 2463 3145 in
2496 3091 2675 3147 Nicaea
2703 3100 3089 3163 congregatum
3113 3100 3213 3159 est,
3242 3094 3501 3149 canonica
3528 3093 3642 3164 jam
3680 3095 3821 3150 fatus

520 3180 765 3247 concilii,
819 3181 1049 3237 minime
1095 3181 1384 3235 misimus:
1444 3180 1538 3234 sed
1585 3196 1679 3251 per
1720 3182 1905 3237 eadem
1937 3200 2119 3241 coram

519 3269 889 3340 apocrisiariis
911 3270 1128 3335 vestris,
1151 3270 1260 3324 alia
1281 3267 1509 3335 similia,
1531 3270 1784 3325 eumdem
1806 3287 2121 3341 numerum,

521 3357 816 3431 eademque
847 3359 1031 3427 verba,
1062 3365 1117 3412 et
1145 3357 1319 3429 ip-am
1350 3356 1810 3427 subscriptionem
1839 3361 2121 3417 continen-

521 3447 619 3515 tia,
645 3448 805 3502 vobis
830 3447 1089 3515 scribere,
1128 3454 1183 3501 et
1215 3447 1317 3503 sub
1343 3455 1491 3503 certa
1523 3448 1885 3519 stipulatione
1912 3452 1966 3504 et
1996 3467 2122 3506 con-

520 3535 833 3592 ﬁrmatione
855 3538 1073 3592 mittere
1103 3538 1442 3593 curavimus.
1469 3538 1540 3593 Et
1561 3538 1686 3608 quis
1706 3546 1788 3591 est
1818 3538 1908 3609 qui
1940 3540 2121 3596 fratri-

520 3626 625 3682 bus
678 3629 808 3683 talia
868 3642 1064 3696 negare
1127 3626 1391 3682 audeat?
1450 3628 1583 3681 Nam
1636 3644 1746 3683 non
1803 3631 2123 3699 negligenda

522 3716 681 3769 nobis
714 3716 831 3768 hinc
862 3728 958 3783 per
983 3714 1037 3768 S.
1072 3714 1311 3783 Spiritus
1340 3717 1565 3785 gratiam
1615 3716 1886 3771 Dominus
1912 3718 2119 3787 docuit,

522 3801 616 3855 sed
647 3802 883 3856 ﬁdeliter
913 3802 1239 3869 exorcenda,
1271 3811 1325 3857 et
1358 3802 1623 3858 fratribus
1669 3806 2043 3861 contradeuda
2069 3817 2123 3864 et

522 3888 768 3945 docenda
793 3888 1098 3944 distribuit.
1132 3890 1259 3944 Haec
1288 3892 1664 3961 apostolorum
1717 3892 1847 3946 viva
1876 3894 2120 3964 traditio,

522 3979 639 4033 haec
664 3986 745 4034 est
777 3994 904 4032 vera
931 3978 1191 4043 charitas,
1224 3994 1346 4049 quae
1378 3978 1723 4049 przedicanda
1747 3990 1831 4038 est
1850 3991 1904 4038 et
1937 3986 2124 4057 praeci-

524 4082 629 4137 pue
654 4065 932 4134 diligenda
960 4082 1023 4122 ac
1052 4066 1289 4122 fovenda
1318 4074 1481 4139 atque
1536 4064 1870 4129 ﬁduciallter
1898 4074 1967 4128 ab
1995 4090 2124 4130 om-

522 4152 688 4207 nibus
717 4154 971 4210 tenenda.
1006 4155 1134 4211 Haec
1160 4165 1349 4213 sancta
1375 4162 1429 4212 et
1463 4161 1764 4231 apostolica
1794 4171 1968 4219 mater
1995 4178 2124 4220 om—

523 4241 677 4297 nium
712 4243 1082 4300 Ecclesiarum
1112 4244 1322 4303 Christi
1354 4249 1622 4315 Ecclesia,
1656 4266 1776 4323 quae
1805 4269 1902 4324 per
1929 4254 2125 4309 omni—

523 4332 764 4404 potentis
787 4334 885 4388 Dei
916 4336 1149 4405 gratiam
1169 4353 1200 4391 a
1217 4338 1441 4393 tramite
1469 4341 1784 4410 apostolica
1806 4343 2124 4400 traditionis

524 4438 807 4495 nunquam
843 4438 1050 4482 errasse
1088 4426 1432 4497 probabitur,
1467 4446 1570 4486 nec
1599 4430 1873 4489 haereticis
1894 4435 2123 4489 novita—

522 4512 672 4567 tibus
700 4513 1048 4585 depravauda
1080 4517 1391 4585 succubuit,
1423 4519 1517 4575 sed
1548 4527 1609 4575 ut
1636 4521 1695 4576 in
1725 4523 1954 4578 exordio
1981 4539 2124 4579 nor-

524 4616 668 4655 mam
700 4601 825 4657 ﬁdei
875 4603 1201 4660 Christianas
1249 4608 1492 4678 percepit
1538 4609 1605 4664 ab
1651 4611 1974 4666 auctoribus
2009 4613 2120 4667 suis

524 4692 903 4759 apostolorum
933 4691 1141 4748 Christi
1190 4696 1556 4767 principibus,
1591 4699 1805 4756 illibata
1832 4701 1941 4756 ﬁne
1961 4710 2121 4758 tenus

524 4786 728 4843 manet,
760 4781 1064 4836 secundum
1096 4782 1270 4853 ipsius
1297 4785 1521 4841 Domini
1549 4786 1839 4844 salvatoris
1870 4790 2117 4847 divinam

522 4865 1001 4938 pollicitationem,
1023 4871 1117 4940 qui
1138 4886 1359 4928 suorum
1384 4874 1779 4946 discipulorum
1804 4879 2040 4950 principi
2060 4880 2119 4936 in

522 4957 638 5013 suis
667 4957 810 5014 fatus
829 4967 910 5014 est
933 4960 1267 5031 Evangeliis,
1300 4964 1476 5033 Petra,
1510 4966 1788 5039 inquiens,
1818 4984 1923 5024 ecce
1951 4971 2117 5027 Satan

522 5049 805 5120 superavit
830 5055 888 5104 ut
918 5050 1179 5106 cribraret
1204 5064 1296 5106 vos
1322 5054 1457 5108 sicut
1477 5057 1570 5125 qui
1602 5057 1807 5112 cribrat
1844 5059 2114 5117 triticum:

522 5153 609 5208 ego
648 5144 820 5193 autem
850 5155 953 5210 pro
982 5146 1027 5194 te
1060 5142 1263 5212 rogavi,
1302 5148 1363 5197 ut
1392 5160 1497 5197 non
1536 5146 1745 5216 deﬁciat
1772 5148 1899 5218 ﬁdes
1930 5156 2043 5215 tua,
2071 5158 2117 5205 et

522 5232 578 5280 tu
604 5228 897 5297 aliquando
944 5244 1222 5285 conversus
1276 5234 1531 5303 confirma
1560 5234 1762 5303 fratres
1816 5243 1930 5291 tuos
1958 5239 2110 5309 (Luc.

520 5318 688 5387 χχιι).
723 5343 741 5365 ι
779 5317 850 5371 Et
879 5318 1006 5373 ideo
1030 5319 1459 5389 apostolicorum
1481 5322 1718 5392 decreta,
1741 5338 1841 5381 nec
1871 5326 2034 5382 modo
2054 5336 2114 5382 ut

518 5404 715 5457 umbra
743 5404 1062 5475 accipienda
1089 5414 1239 5474 sunt,
1274 5423 1376 5466 nec
1404 5410 1628 5468 fuerunt
1659 5420 1781 5484 post
1803 5414 2113 5470 confessio-

520 5494 646 5540 nem
688 5489 931 5557 ejusdem
968 5495 1344 5564 apostolorum
1374 5498 1642 5571 principis
1670 5501 1840 5566 Petri,
1870 5501 1965 5572 qui
1994 5503 2069 5557 ait
2097 5521 2107 5557 :

525 5574 603 5626 Tu
620 5590 672 5626 cs
695 5576 935 5632 Christus
964 5582 1136 5636 Filius
1168 5584 1268 5639 Dei
1304 5585 1432 5653 vivi,
1464 5588 1727 5658 quoniam
1753 5587 2037 5658 respondit
2055 5591 2107 5646 ei

2152 4472 2202 4531 D

2232 3197 2371 3252 papa
2396 3181 2716 3235 evocatione
2748 3181 2805 3235 in
2848 3181 3039 3236 urbem
3092 3182 3319 3237 Romam
3364 3185 3742 3254 congregavit,
3776 3193 3821 3239 et

2234 3270 2369 3341 ipse,
2400 3286 2526 3325 cum
2558 3271 2794 3325 consilio
2822 3271 3038 3341 prazfati
3061 3272 3409 3328 Constantini
3433 3276 3694 3345 Augusti,
3732 3276 3820 3330 duc

2231 3367 2418 3414 centos
2453 3366 2506 3413 et
2532 3359 2819 3439 sexaginta
2847 3368 3053 3431 septem
3100 3361 3404 3432 episcopos,
3432 3385 3450 3408 ι
3494 3370 3549 3417 et
3595 3371 3814 3419 calere.

2233 3447 2405 3518 Cujus
2434 3460 2715 3504 successor
2744 3449 3002 3520 praefatus
3032 3466 3167 3522 papa
3198 3452 3412 3507 Marcus
3457 3453 3696 3520 exstitit,
3732 3454 3815 3526 qui

2233 3536 2301 3591 de
2333 3538 2596 3608 capitulis
2626 3537 2683 3592 in
2710 3537 2934 3593 Nicaeus
2962 3541 3177 3611 synodo
3206 3542 3483 3612 octoginta
3510 3542 3747 3610 effectis,
3770 3551 3817 3597 et

2233 3624 2291 3678 in
2324 3626 2671 3696 septuaginta
2708 3634 2895 3697 postea
2922 3628 3177 3696 redactis,
3211 3630 3355 3685 sicut
3400 3630 3651 3702 superius
3702 3647 3815 3702 per-

2232 3713 2446 3784 scripsi,
2479 3715 2609 3771 huic
2644 3716 2792 3771 Julio
2823 3718 3122 3773 successori
3170 3727 3519 3791 protestatur.
3569 3720 3677 3776 Sed
3728 3737 3817 3774 τω

2233 3804 2475 3860 scribitis
2522 3806 2578 3860 in
2630 3807 2825 3863 iisdem
2875 3810 3330 3881 quaternionibus
3377 3811 3498 3866 ita:
3550 3810 3813 3867 Caeterum

2232 3893 2453 3965 quodin
2482 3896 2712 3965 epistola
2726 3913 2795 3951 ex
2821 3899 3044 3954 nomine
3060 3898 3345 3954 Athanasri
3366 3906 3419 3954 et
3435 3901 3809 3971 episcoporum

2233 3982 2623 4053 [Egyptiorum
2645 3985 2713 4040 ad
2746 3985 2986 4041 Marcum
3018 4004 3387 4044 successorem
3433 3989 3685 4043 Silvestri
3735 3989 3815 4042 ba-

2232 4072 2415 4142 betur,
2445 4077 2724 4145 octoginta
2750 4078 2916 4133 fuisse
2938 4079 3198 4151 capitula,
3221 4079 3581 4152 quadraginta
3609 4081 3816 4135 scilicet

2232 4178 2263 4216 a
2283 4162 2486 4219 Graecis
2502 4165 2689 4221 Grzeca
2708 4167 2855 4221 edita
2876 4168 3082 4239 lingua,
3105 4176 3159 4223 et
3182 4170 3439 4225 similiter
3463 4169 3817 4242 quadraginta

2232 4267 2262 4307 a
2292 4253 2503 4309 Latinis
2525 4257 2720 4311 Latina
2756 4258 2901 4315 edita
2942 4260 3148 4331 lingua,
3178 4271 3233 4317 et
3264 4263 3330 4317 ab
3383 4263 3652 4335 episcopis
3703 4270 3820 4316 tre-

2233 4344 2411 4398 contis
2439 4344 2627 4401 decem
2661 4354 2713 4399 et
2744 4354 2870 4402 octo
2900 4349 2957 4403 in
2988 4351 3333 4421 septuaginta
3391 4351 3603 4407 redacta
3652 4350 3818 4406 fuisse

2231 4433 2489 4501 capitula,
2528 4433 2572 4487 si
2621 4446 2987 4494 numerentur
3032 4439 3126 4494 illa
3169 4455 3290 4511 quae
3324 4440 3380 4494 in
3412 4441 3637 4511 epistola
3688 4436 3819 4494 Julii

2230 4519 2605 4590 designantur,
2631 4533 2686 4578 et
2714 4524 2811 4580 illa
2838 4542 2959 4598 quae
2988 4526 3269 4598 designata
3301 4528 3821 4600 praetermittuntur,

2234 4608 2324 4663 sed
2354 4616 2407 4663 et
2432 4610 2531 4667 illa
2558 4627 2680 4683 quae
2734 4613 2790 4668 in
2831 4615 3061 4687 epistola
3106 4617 3303 4672 Felicis
3356 4617 3604 4688 legimus,
3662 4618 3822 4689 plura

2232 4711 2395 4767 quam
2429 4702 2705 4771 octoginta
2722 4709 2776 4757 et
2799 4704 2944 4758 inter
2963 4722 3018 4760 se
3038 4706 3255 4761 diversa
3283 4707 3664 4773 inveniuntur,
3687 4716 3744 4760 et
3769 4705 3821 4758 in

2232 4785 2436 4840 eisdem
2459 4788 2707 4858 epistolis
2727 4807 2837 4846 non
2864 4793 3226 4850 inveniuntur
3240 4797 3548 4862 memorati,
3592 4794 3822 4849 minime

2231 4881 2413 4929 autem
2459 4882 2866 4948 connumerari,
2904 4882 2998 4937 illa
3046 4876 3288 4954 capitula
3332 4900 3452 4956 quae
3497 4900 3565 4939 ex
3597 4883 3825 4940 Nicasuo

2229 4968 2468 5024 concilio
2492 4979 2708 5043 sumpta
2724 4977 2966 5032 servavit
2991 4975 3648 5049 antiquitas,eth1ctenus
3670 4984 3823 5032 tenet

2229 5070 2291 5112 ac
2318 5066 2612 5115 veneratur
2633 5062 2895 5120 Ecclesia.
2934 5066 3158 5121 Illorum
3193 5082 3314 5139 quae
3346 5068 3403 5122 in
3436 5068 3666 5138 epistola
3685 5065 3821 5121 Julii

2228 5151 2548 5223 designatur
2606 5157 2974 5227 capitulorum
3046 5175 3309 5215 numerus
3366 5161 3472 5216 iste
3528 5161 3819 5232 reperitur,

2232 5238 2318 5306 18,
2355 5240 2439 5307 19,
2473 5240 2562 5305 Si,
2596 5241 2685 5307 23,
2722 5243 2811 5310 26,
2852 5243 2942 5308 27,
2976 5245 3064 5313 28,
3102 5245 3190 5311 ἳ9,
3216 5244 3305 5312 33,
3339 5245 3403 5301 [si
3437 5253 3493 5301 et
3516 5247 3571 5313 ὅ,
3600 5246 3633 5301 8
3677 5254 3737 5299 et
3767 5245 3821 5305 9.

2227 5343 2291 5385 ac
2312 5329 2400 5395 50,
2428 5328 2516 5398 53,
2542 5331 2630 5397 53,
2653 5331 2743 5399 54,
2770 5333 2840 5387 53
2868 5340 2921 5387 et
2945 5333 3033 5399 57,
3058 5333 3147 5401 59,
3177 5332 3265 5401 60,
3299 5335 3387 5400 6i,
3430 5334 3519 5401 62,
3551 5334 3619 5389 63
3642 5341 3701 5387 et
3729 5331 3821 5387 66.

2227 5415 2287 5470 In
2323 5418 2665 5488 plenitudine
2694 5420 2840 5475 enim
2875 5422 3216 5492 septuaginta
3264 5422 3626 5494 capitulorum
3670 5421 3827 5475 desio

2227 5514 2465 5575 gnantur
2492 5508 2608 5565 haec
2628 5526 2747 5582 quae
2801 5520 3107 5583 sequuntur
3151 5530 3183 5567 a
3226 5513 3387 5569 beato
3426 5514 3572 5570 Iulio
3613 5514 3820 5583 posita,

2224 5596 2527 5653 secundum
2561 5597 2729 5669 hujus
2755 5600 2969 5656 numeri
3005 5599 3430 5671 signiﬁcantiam
3463 5601 3821 5673 interposita,
