4078 6182
302 258 533 319 {06.5.

1494 259 1858 318 OPUSCULA
1893 262 1984 319 ET
2021 260 2407 321 EPISTOLIE.

3458 259 3598 328 1086

297 424 353 474 et
382 416 507 472 ideo
536 414 630 471 hic
656 430 766 470 non
786 414 1023 485 amplius
1049 414 1117 469 ab
1149 427 1214 470 eo
1241 430 1402 486 quam
1424 415 1627 485 viginti
1649 424 1890 486 quatuor
1922 421 1972 481 Α
2006 416 2174 471 liante
2222 417 2440 473 valeant
2468 416 2719 483 evadere,
2749 423 2807 470 et
2836 415 3000 471 etiam
3046 430 3108 469 ea
3137 415 3361 487 insuper
3390 430 3449 472 se
3477 424 3598 475 θια-
3624 438 3643 459 ο

296 510 773 569 annumerantur;
811 503 1012 574 quibus
1050 505 1097 559 si
1140 503 1233 557 illa
1266 504 1465 574 viginti
1502 504 1744 575 capitula
1775 523 1895 577 quis

297 594 565 650 habemus
612 591 1008 661 adsciscantur,
1044 592 1185 647 fiunt
1213 592 1576 663 quadraginta
1604 608 1711 666 qua
1749 602 1891 662 tuor,

295 691 349 739 et
370 699 481 738 non
502 683 729 753 explent
752 682 1096 751 septuaginta
1118 700 1128 736 :
1156 689 1361 752 quanto
1390 683 1571 737 minus
1593 684 1891 753 octoginta,

294 779 349 827 et
391 788 503 826 non
554 771 812 839 probatur
854 770 953 824 iste
992 769 1084 823 hic
1131 770 1187 825 in
1235 771 1552 827 excedenda
1605 787 1894 826 numerum

295 861 486 917 falsus.
540 857 699 924 Quod
747 866 926 912 tamen
976 857 1285 926 addidistis,
1327 858 1431 915 Sed
1465 867 1518 915 et
1545 859 1642 915 illa
1683 876 1801 931 quae
1838 862 1893 917 in

295 948 530 1021 epistola
560 946 762 1001 Felicis
791 947 1063 1016 leguntur,
1097 946 1357 1002 videlicet
1383 957 1444 1002 ut
1478 947 1522 1002 si
1556 948 1674 1003 istis
1704 947 1892 1018 adjun-

294 1046 510 1108 gantur,
546 1036 701 1107 plura
732 1051 893 1106 quam
931 1035 1209 1105 octoginta
1236 1036 1380 1090 inter
1409 1051 1465 1091 se
1491 1036 1707 1091 diversa
1728 1037 1894 1091 inve—

293 1126 538 1192 nientur,
582 1140 689 1177 non
743 1123 940 1179 attinet
977 1124 1044 1179 ad
1086 1140 1240 1189 rem;
1273 1124 1533 1195 quoniam
1574 1126 1731 1179 Felix
1768 1132 1894 1179 ante

294 1230 521 1269 suorum
542 1212 901 1282 digestionem
931 1212 1389 1283 capitulorumita
1400 1214 1664 1283 praemisit
1692 1214 1888 1284 (Epist.

292 1310 338 1373 ι)
367 1322 378 1360 ;
419 1304 790 1374 «Incipiamus
815 1303 985 1373 igitur
1005 1302 1299 1374 adjuvante
1321 1306 1433 1359 Deo
1453 1312 1506 1359 et
1527 1311 1713 1360 sancto
1734 1305 1893 1358 Petro

290 1395 562 1464 apostolo,
596 1408 691 1462 per
719 1408 879 1463 quem
911 1400 965 1447 et
994 1394 1331 1464 apostolatus
1362 1401 1417 1448 et
1446 1393 1795 1464 episcopatus
1836 1392 1890 1446 in

294 1483 521 1538 Christo
543 1482 707 1553 erepit
739 1481 1050 1549 exordium,
1075 1482 1335 1553 quoniam
1361 1484 1543 1554 plures
1563 1498 1703 1553 saepe
1724 1490 1892 1539 emer-

293 1581 486 1627 serunt
531 1587 724 1638 causse,
758 1587 877 1641 quae
906 1570 964 1625 in
1000 1570 1329 1641 quibusdam
1375 1587 1485 1626 non
1527 1578 1680 1625 erant
1718 1588 1893 1627 causae

292 1663 393 1718 sed
441 1661 688 1729 crimina,
730 1660 860 1732 quia
902 1661 1072 1731 magis
1105 1669 1163 1716 ut
1192 1661 1563 1732 comperimus
1600 1662 1892 1733 iniquitate

2004 510 2178 571 tuere,
2226 519 2345 575 quae
2395 505 2462 559 ab
2492 522 2555 560 eo
2606 506 2673 560 ab
2710 505 2788 560 eis
2828 502 3153 574 petebantur
3201 518 3298 574 pro
3340 505 3598 560 instantis

2007 594 2271 664 temporis
2314 596 2662 651 necessitate.
2733 594 2789 648 Si
2821 609 2951 648 vero
2985 593 3053 648 de
3114 592 3202 647 his
3231 602 3499 661 ageretur,
3532 595 3600 650 de

2004 684 2205 753 quibus
2222 684 2319 741 illa
2336 684 2545 754 vigenti
2567 684 2809 755 capitula
2820 685 3026 739 Nicceni
3042 684 3266 740 concilii
3280 684 3597 755 decernant,

2004 788 2124 844 qum
2154 776 2354 846 passim
2377 774 2668 829 habentur.
2716 774 3086 830 nihilominus
3106 783 3159 829 et
3196 775 3312 845 ipsa
3333 790 3458 829 eum
3483 775 3603 830 luce

2005 863 2246 918 lucidius
2272 865 2418 918 lucet
2448 869 2883 933 assumpturum.
2932 863 3037 917 Sed
3079 871 3133 918 et
3162 863 3343 918 Julius
3377 878 3599 919 causam

2002 951 2263 1007 similiter
2290 960 2344 1007 et
2374 951 2636 1018 similem,
2661 967 2760 1006 cur
2780 950 2899 1023 ipsa
2927 951 3126 1021 viginti
3149 959 3384 1020 quatuor
3413 968 3604 1021 posue-

2004 1045 2077 1099 rit
2122 1045 2383 1115 capitula,
2438 1060 2550 1099 non
2581 1044 2768 1098 minus
2817 1044 3104 1098 evidenter
3139 1045 3405 1115 propalat.
3442 1046 3601 1112 Quod

2006 1134 2181 1205 liquet
2201 1134 2256 1188 in
2272 1149 2337 1187 eo
2360 1131 2453 1186 ubi
2476 1132 2690 1186 numeri
2718 1133 2993 1185 tramitem
3018 1148 3125 1185 non
3153 1132 3519 1199 custodit,sed
3539 1148 3602 1187 ea

2000 1231 2213 1280 tantum
2245 1238 2365 1295 quas
2386 1222 2452 1278 de
2483 1239 2540 1277 re
2563 1238 2684 1295 quas
2704 1222 2967 1293 agebatur
2987 1222 3411 1289 conveniebant,
3433 1224 3599 1279 sicuti

2002 1314 2249 1371 omnium
2290 1321 2373 1369 est
2433 1330 2589 1382 agere
2638 1312 2927 1367 annexuit.
2982 1312 3255 1367 Prsemisit
3288 1312 3434 1366 enim
3483 1312 3601 1368 haec

2006 1405 2205 1474 (Epist.
2250 1404 2343 1473 ii):
2388 1427 2405 1449 ι
2429 1404 2586 1457 Tales
2615 1403 2763 1457 enim
2796 1401 3148 1456 insidiatores
3169 1402 3367 1472 spiritu
3391 1404 3601 1474 praevi—

2001 1493 2193 1548 dentes
2221 1494 2398 1548 sancti
2432 1493 2616 1546 Patres
2638 1491 2693 1545 in
2726 1492 2905 1545 Niczea
2935 1492 3271 1561 congregati,
3308 1494 3452 1562 leges
3477 1499 3599 1547 sta-

2002 1589 2246 1647 tuerunt,
2297 1595 2434 1652 quas
2489 1595 2589 1633 nos
2622 1594 2862 1633 canones
2909 1579 3272 1650 appellamus,
3321 1594 3389 1633 ne
3439 1579 3599 1635 facile

2000 1669 2158 1740 probi
2193 1668 2260 1723 ab
2287 1669 2557 1740 improbis
2579 1669 2978 1723 damnarentur
3001 1687 3011 1724 :
3045 1685 3114 1724 ex
3141 1669 3341 1741 quibus
3363 1670 3599 1724 nonnul-

293 1769 462 1825 quam
504 1751 767 1806 charitate
806 1750 1073 1807 fratribus
1101 1759 1230 1806 sunt
1262 1750 1553 1840 impositm.
1607 1752 1677 1805 Et
1719 1759 1781 1806 ut
1823 1752 1889 1807 de
1922 1780 1967 1840 Β
2003 1759 2081 1813 las
2128 1758 2429 1813 sententias
2464 1758 2557 1814 hic
2604 1759 2772 1813 inseri
2798 1758 3193 1829 judicavimus,
3229 1766 3289 1813 ut
3318 1766 3597 1815 tantorum

291 1850 497 1900 caetero
542 1840 863 1895 sollicitudo
894 1840 965 1895 sit
997 1856 1064 1894 ne
1111 1840 1239 1895 talia
1278 1839 1621 1910 proveniant,
1656 1841 1894 1911 capitula

292 1931 543 2003 quaedam
596 1946 627 1984 a
670 1930 874 1985 sanctis
923 1929 1197 1995 Patribus,
1244 1945 1364 1999 quae
1412 1936 1522 1983 tam
1567 1929 1624 1983 in
1672 1929 1893 2001 Nicaena

289 2022 528 2093 synodo,
562 2036 724 2093 quam
760 2029 812 2076 et
843 2019 901 2073 in
932 2019 1033 2074 hac
1061 2026 1251 2074 sancta
1278 2019 1404 2073 sede
1433 2019 1735 2074 constituta
1763 2010 1890 2075 sunt

287 2125 580 2180 ponamus,
623 2108 824 2180 quibus
873 2107 1064 2162 fratres
1105 2115 1157 2161 et
1201 2107 1489 2177 caepiscopi
1542 2110 1716 2163 nostri
1765 2109 1888 2163 fulti

287 2200 524 2255 insidias
553 2199 909 2255 inimicorum
942 2196 1180 2252 Domino
1203 2197 1508 2252 auxiliante
1530 2199 1748 2252 valeant
1768 2216 1889 2253 eva-

284 2289 437 2356 dere,
471 2297 525 2344 et
558 2297 718 2360 prout
746 2288 1018 2344 Dominus
1058 2303 1210 2358 posse
1252 2285 1486 2352 dederit,
1539 2286 1891 2356 paucioribus

284 2379 472 2435 verbis
498 2387 777 2435 tantorum
798 2379 1066 2434 malorum
1094 2377 1378 2431 imitemur
1397 2376 1814 2447 Compendium,
1838 2385 1889 2432 et

282 2470 526 2525 strictim
585 2485 705 2541 quae
754 2467 807 2522 in
869 2467 1153 2522 volumine
1213 2466 1521 2548 litterarum
1580 2474 1886 2521 vestrarum

281 2561 659 2631 comperimus
689 2566 1068 2623 retractemus,
1101 2564 1154 2611 et
1183 2556 1287 2611 alia
1321 2556 1588 2611 nonnulla
1630 2556 1887 2612 instantis

280 2650 552 2721 temporis
580 2647 884 2704 necessaria
915 2653 1075 2717 prout
1106 2644 1292 2716 petitis
1327 2660 1611 2715 ponamus.
1648 2672 1665 2692 ι
1710 2647 1779 2701 Et
1808 2647 1888 2701 sic

281 2739 665 2810 persequitur:
729 2762 747 2783 ι
795 2738 894 2791 Est
924 2751 1158 2805 namque
1196 2733 1560 2805 synodalibus
1605 2734 1884 2789 decretum

282 2828 586 2895 institutis,
634 2853 651 2873 ›
713 2835 768 2882 et
809 2833 1021 2882 caetera.
1057 2825 1175 2879 Non
1208 2840 1333 2894 ergo
1365 2823 1512 2878 dixit
1558 2823 1746 2878 omnia
1792 2824 1889 2878 illa

269 2934 406 2989 quae
441 2918 623 2989 posuit
653 2932 725 2972 ex
751 2916 974 2972 Niczeno
1003 2913 1240 2970 concilio
1271 2921 1568 2984 assumpta,
1603 2920 1663 2967 ut
1690 2929 1757 2967 ex
1784 2912 1888 2967 hoc

290 3014 400 3061 tam
421 3007 601 3077 ipsum
626 3023 788 3077 quam
810 3005 1019 3060 Julium
1049 3003 1295 3058 refellere
1323 3004 1544 3074 possitis
1568 3019 1577 3055 :
1603 3001 1696 3057 sed
1717 3000 1884 3070 dixit,

284 3096 532 3167 quaedam
568 3105 680 3152 tam
712 3111 779 3151 ex
807 3095 1029 3148 Nicaeno
1057 3093 1316 3159 concilio,
1351 3107 1513 3163 quam
1544 3107 1613 3146 ex
1648 3092 1732 3147 liis
1766 3108 1886 3164 qua:

284 3186 344 3240 in
391 3193 573 3240 sancta
600 3187 846 3240 Romana
877 3181 1002 3235 sede
1031 3181 1333 3235 constituta
1362 3190 1510 3246 sunt,
1555 3198 1759 3251 ponere
1799 3198 1874 3246 se,

282 3293 405 3348 quae
426 3291 535 3330 non
566 3273 794 3331 minoris
828 3271 938 3325 fere
961 3268 1237 3339 judicavit
1262 3268 1625 3323 auctoritatis.
1650 3269 1880 3339 Insuper

282 3374 334 3420 et
367 3363 601 3428 addidit,
633 3361 812 3419 etalia
841 3360 1106 3413 nonnulla
1138 3358 1397 3413 instantis
1417 3358 1679 3426 temporis
1698 3372 1881 3412 neces-

280 3453 427 3508 saria
478 3458 637 3522 prout
698 3448 1024 3521 petebantur
1080 3445 1351 3517 ponenda.
1411 3446 1525 3500 Hoc
1568 3446 1773 3500 etenim
1828 3453 1881 3500 et

279 3541 707 3613 praedecessores
740 3548 791 3594 et
824 3552 1164 3593 successores
1195 3536 1277 3591 sui
1310 3536 1378 3590 ab
1411 3534 1572 3589 initio
1609 3536 1876 3600 fecerunt,

278 3641 333 3687 et
366 3647 541 3700 usque
566 3629 627 3682 in
656 3628 817 3683 ﬁnem
846 3628 1044 3683 facturi
1079 3635 1230 3692 sunt,
1268 3633 1329 3680 ut
1360 3642 1459 3697 pro
1492 3624 1723 3679 instanti
1746 3632 1880 3678 teni-

274 3736 484 3793 porum
524 3717 854 3784 necessitate,
877 3726 930 3772 et
952 3717 1253 3772 constituta
1284 3722 1572 3782 renovent,
1600 3722 1654 3768 et
1677 3713 1878 3768 consti-

274 3808 493 3867 tuenda
521 3806 875 3862 constituant.
913 3807 1023 3861 Hac
1048 3806 1194 3861 enim
1227 3805 1439 3860 ratione
1469 3818 1662 3859 omnes
1681 3802 1881 3858 decre-

277 3899 416 3955 tales
466 3896 707 3966 epistolae
754 3912 851 3965 pro
895 3894 1130 3950 diversis
1180 3892 1599 3951 necessitatibus
1646 3891 1881 3947 diversis

274 3995 411 4043 sunt
439 3986 753 4042 constitutae
790 3982 1146 4052 temporibus.
1185 3982 1337 4036 Unde
1366 3981 1757 4036 venerabiliter
1788 3997 1882 4035 se—

275 4078 522 4135 cundum
574 4076 792 4130 beatum
844 4072 1119 4127 Gelasium
1170 4079 1300 4125 sunt
1349 4068 1693 4140 recipiendas,
1740 4077 1793 4123 et
1834 4070 1880 4125 si

276 4166 625 4238 recipiendae,
680 4164 876 4235 utique
924 4160 1345 4233 amplectendae,
1397 4175 1459 4215 ac
1500 4159 1569 4214 ab
1619 4157 1881 4215 omnibus

276 4258 446 4313 etiam
479 4255 869 4311 venerabiliter
891 4251 1231 4309 obediendas.

348 4372 509 4438 Quod
540 4373 702 4427 etiam
733 4369 976 4436 dixistis,
1008 4369 1137 4439 quia
1167 4368 1312 4421 inter
1352 4383 1407 4421 se
1446 4362 1669 4421 diversa
1708 4363 1879 4417 inve-

273 4462 531 4528 niuntur,
562 4461 771 4516 scilicet
792 4476 853 4514 ea
873 4476 992 4530 quas
1014 4458 1192 4511 Julius
1217 4472 1353 4526 papa
1378 4455 1581 4526 posuit,
1605 4459 1659 4508 et
1679 4469 1740 4508 ea
1760 4468 1880 4525 quae

276 4553 458 4619 Felix,
493 4551 535 4606 si
566 4551 782 4606 diversa
803 4567 899 4621 pro
921 4547 1174 4612 diversis,
1204 4551 1399 4616 utpote
1424 4553 1584 4615 prout
1606 4544 1665 4598 in
1688 4543 1877 4597 unius-

272 4641 543 4712 cujusque
580 4648 822 4711 tempore
852 4655 937 4693 res
972 4636 1193 4702 accidit,
1232 4633 1469 4703 intelligi
1506 4631 1696 4699 vultis,
1741 4631 1893 4686 bene

273 4750 330 4789 se
381 4731 563 4787 habet.
614 4732 711 4787 Sin
759 4731 937 4796 aliter,
980 4728 1135 4801 quasi
1174 4726 1452 4782 adversari
1495 4724 1601 4780 sibi
1638 4721 1875 4777 invicem

271 4824 554 4883 contraria
582 4823 871 4880 statuendo
898 4822 1213 4887 videantur,
1252 4818 1360 4874 nisi
1386 4833 1485 4871 vos
1517 4815 1654 4870 illud
1677 4813 1877 4886 panda-

271 4916 367 4983 tis,
413 4915 590 4968 fateor
637 4914 765 4985 quia
804 4929 901 4982 ego
950 4909 1007 4966 in
1058 4908 1214 4966 nullo
1261 4908 1538 4980 percipere
1582 4905 1760 4959 valeo.
1806 4902 1878 4958 Et

271 5003 421 5076 quod
472 5001 715 5069 dixistis,
750 5017 879 5072 qu‘a
910 4999 967 5054 in
999 4998 1241 5069 ipsorum
1275 4993 1524 5066 epistolis
1553 5008 1667 5049 non
1710 4993 1879 5047 inve-

269 5091 513 5147 niuntur
542 5088 851 5153 memorari,
884 5086 1115 5140 minime
1145 5091 1326 5138 autem
1362 5081 1750 5136 connumerari
1784 5080 1880 5136 illa

269 5178 538 5250 capitula,
591 5195 709 5249 qum
749 5194 816 5231 ex
852 5176 1076 5230 Nicaano
1113 5172 1354 5231 concilio
1383 5179 1603 5242 sumpta
1633 5169 1877 5225 servavit

269 5269 598 5339 antiquitas,
632 5273 684 5319 et
716 5266 980 5320 hactenus
1009 5270 1158 5319 tenet
1190 5279 1251 5317 ac
1280 5267 1577 5315 veneratur
1608 5258 1875 5325 Ecclesia,

268 5359 499 5429 utrique
542 5355 841 5411 ostendunt
875 5371 1115 5420 causam,
1154 5353 1207 5407 in
1257 5368 1363 5423 qua
1403 5358 1579 5421 potest
1619 5348 1878 5418 cognosci

268 5465 374 5504 cur
416 5448 532 5501 haec
570 5452 867 5517 posuerunt
902 5452 955 5498 et
993 5444 1058 5498 de
1100 5443 1211 5497 illis
1253 5448 1438 5497 tacent
1508 5440 1781 5495 Videlicet
1819 5454 1881 5492 ea

270 5541 434 5596 Felix
480 5539 580 5593 iste
630 5555 765 5611 papa
807 5539 943 5593 dicit
986 5554 1042 5591 se
1089 5552 1312 5606 ponere,
1347 5535 1545 5607 quibus
1590 5535 1783 5588 fratres
1826 5539 1879 5587 et

281 5628 581 5701 coepiscopi
609 5627 758 5696 fulti,
792 5627 1021 5683 insidias
1053 5626 1408 5683 inimicorum
1438 5625 1679 5681 Domino
1709 5620 1880 5680 auxi—

2001 1848 2225 1903 Patrum
2259 1849 2587 1903 auctoritate
2616 1855 2804 1903 nostra
2835 1847 3189 1903 roboraretur
3219 1848 3470 1919 epistola,
3503 1854 3597 1903 at-

2001 1954 2106 2009 que
2126 1954 2318 1993 omnes
2348 1939 2657 1993 Orientales
2684 1939 2801 1994 sive
2830 1938 3171 2010 reliquarum
3204 1939 3441 2012 partium
3471 1938 3597 2011 epi—

2001 2025 2173 2097 scopi,
2198 2026 2314 2082 haec
2335 2027 2620 2082 audientes
2641 2027 2698 2081 in
2714 2035 2920 2082 tantam
2946 2028 3159 2082 foveam
3182 2042 3294 2082 non
3327 2027 3597 2095 incidant,

1999 2129 2068 2168 ne
2096 2115 2509 2170 damnationem
2537 2132 2568 2170 a
2610 2115 2865 2171 Patribus
2892 2116 3165 2173 decretam
3199 2117 3522 2187 percipiant.
3566 2140 3582 2162 ι

1999 2206 2070 2258 Et
2101 2204 2180 2259 sic
2204 2213 2511 2277 sequuntur
2540 2206 2634 2259 illa
2661 2221 2729 2259 ex
2752 2207 3072 2277 praescripto
3103 2204 3343 2261 concilio
3370 2205 3595 2261 Nicaeno

1999 2292 2243 2363 capitula
2273 2293 2339 2347 de
2384 2293 2730 2365 septuaginta
2758 2295 3016 2365 capitulis
3057 2296 3340 2352 deﬂorata.
3374 2297 3445 2350 Et
3474 2313 3597 2352 ecce

1999 2388 2126 2459 quia
2157 2388 2223 2443 de
2247 2387 2666 2444 insidiatoribus
2682 2389 2965 2460 agebatur,
2989 2390 3134 2462 quod
3162 2398 3353 2446 contra
3374 2390 3596 2445 insidia-

2000 2484 2142 2531 tores
2173 2477 2443 2548 pertinuit
2471 2476 2782 2549 descripsit.
2808 2478 3037 2549 Utrique
3070 2478 3161 2534 isti
3196 2487 3255 2533 ut
3287 2478 3585 2551 prudentes

1998 2574 2225 2636 egerunt
2247 2566 2445 2621 medici
2455 2566 2823 2638 .Unaquaaque
2835 2565 2983 2621 enim
3000 2565 3296 2622 inﬁrmitas
3317 2565 3596 2639 propriam

1997 2656 2229 2727 requirit
2249 2656 2602 2712 medicinam.
2645 2654 2802 2722 Quod
2833 2671 3067 2728 namque
3098 2655 3340 2723 dixistis,
3367 2656 3595 2712 minime

1997 2747 2056 2801 in
2088 2746 2319 2801 istorum
2346 2744 2594 2817 epistolis
2620 2745 2861 2817 capitula
2887 2744 3095 2801 Nicaani
3141 2744 3363 2800 concilii
3395 2761 3454 2800 ea
3478 2762 3596 2818 quas

1997 2834 2261 2891 habemus
2282 2834 2686 2901 connumerati,
2712 2834 2893 2891 nescio
2920 2833 3053 2906 quid
3083 2831 3188 2889 sibi
3212 2835 3334 2889 vult
3362 2832 3593 2892 dictum.

1996 2925 2129 2981 Nam
2159 2926 2339 2981 Julius
2370 2940 2526 2998 papa,
2559 2935 2619 2981 ut
2649 2924 2955 2996 praelibavi,
3003 2922 3345 2995 designative
3394 2924 3595 2996 viginti

1996 3026 2233 3090 quatuor
2260 3022 2476 3072 tantum
2510 3015 2716 3085 posuit,
2750 3012 2907 3070 Felix
2944 3030 3077 3069 vero
3108 3014 3253 3086 quod
3279 3030 3348 3068 ex
3368 3013 3594 3070 Niczeno

1995 3108 2254 3174 concilio,
2289 3106 2535 3177 posuerit
2555 3121 2666 3159 non
2688 3112 2931 3175 apparet,
2959 3105 3083 3175 quia
3113 3106 3226 3174 ipse
3254 3112 3362 3159 non
3387 3105 3590 3161 discer-

1988 3197 2094 3262 nit,
2124 3195 2254 3249 dnm
2286 3202 2397 3248 tam
2426 3209 2495 3247 ex
2526 3192 2751 3247 Niczeno
2779 3191 3038 3252 concilio,
3065 3207 3224 3263 quam
3257 3208 3325 3246 ex
3356 3192 3444 3246 his
3466 3208 3586 3265 quae

1992 3284 2049 3338 in
2080 3291 2265 3338 sancta
2298 3285 2541 3338 Romana
2581 3280 2707 3335 sede
2737 3280 3039 3336 constituta
3068 3280 3303 3348 fuerant,
3338 3288 3390 3334 et
3422 3281 3589 3337 etiam

1989 3373 2262 3428 nonnulla
2291 3388 2411 3443 quae
2455 3371 2592 3441 ipse,
2626 3377 2790 3440 prout
2828 3368 2929 3441 ipsi
2965 3369 3221 3440 petebant
3246 3370 3337 3440 qui
3370 3384 3468 3441 pro
3499 3373 3594 3425 in-

1991 3464 2190 3520 stantis
2231 3462 2498 3534 temporis
2533 3459 2852 3515 necessitate
2901 3458 3242 3529 indigebant,
3290 3459 3505 3528 statuit,
3538 3476 3595 3515 se

1990 3554 2236 3626 posuisse
2284 3567 2394 3606 non
2444 3549 2638 3605 tacuit.
2689 3549 2800 3605 Nec
2829 3547 3032 3616 conjici
3091 3556 3294 3620 potest,
3325 3548 3588 3620 quoniam

1990 3640 2396 3713 plenitudinem
2414 3636 2760 3709 septuaginta
2776 3636 3143 3707 capitulorum
3169 3651 3279 3689 non
3304 3635 3590 3705 habemus,

1992 3730 2036 3784 si
2068 3729 2177 3783 duo
2219 3730 2303 3783 vel
2365 3727 2468 3781 tria
2498 3743 2593 3781 seu
2642 3732 2878 3798 quatuor
2907 3733 3000 3780 aut
3035 3725 3220 3780 decem
3270 3740 3338 3779 ex
3368 3724 3593 3780 Nicano

1990 3819 2229 3876 concilio
2260 3817 2504 3889 posuerit
2520 3818 2782 3888 capitula,
2808 3818 2895 3871 vel
2923 3832 2986 3870 eo
3007 3816 3266 3886 amplius,
3296 3815 3420 3887 quia
3444 3824 3591 3887 pote-
3626 3836 3633 3842 ~

1990 3921 2073 3967 rat
2122 3908 2324 3980 viginti
2355 3922 2453 3964 sex
2495 3923 2698 3978 ponere
2728 3907 3028 3962 secundum
3070 3906 3233 3961 fidem
3266 3906 3505 3973 numeri,
3537 3913 3591 3959 et

1990 4004 2337 4055 remanerent
2387 3996 2546 4052 nobis
2581 4006 2771 4053 nostra
2819 4008 2940 4069 quae
2975 3994 3245 4050 habemus
3282 4006 3447 4066 penes
3484 4004 3588 4048 nos

1991 4089 2189 4160 viginti
2220 4086 2481 4158 capitula.

2062 4186 2235 4256 Igitur
2256 4184 2403 4255 quod
2429 4185 2593 4238 etiam
2625 4191 2679 4238 et
2695 4198 2798 4237 vos
2818 4183 2878 4237 in
2898 4181 3103 4237 eisdem
3131 4182 3592 4253 quaternionibus

1990 4290 2059 4329 ex
2079 4273 2321 4344 ejusdem
2346 4288 2494 4343 papae
2510 4272 2641 4326 Julii
2665 4272 2899 4341 epistola
2921 4270 3455 4341 posuistis,qualiter
3482 4270 3588 4326 sibi

1989 4364 2264 4421 cohaereat
2304 4359 2630 4416 intuendum
2663 4366 2762 4414 est.
2786 4357 2932 4413 Aitis
2962 4356 3109 4411 enim
3144 4372 3155 4409 :
3203 4381 3219 4401 ι
3244 4355 3320 4410 De
3348 4355 3454 4410 hoc
3481 4372 3590 4410 au-

1913 4490 1963 4555 D
1992 4464 2103 4511 tem
2126 4453 2272 4527 quod
2287 4450 2762 4508 reverentissimus
2774 4448 2953 4503 Julius
2974 4448 3032 4501 in
3053 4446 3285 4517 epistola
3305 4463 3403 4501 sua
3424 4446 3583 4515 dicit,

2031 4547 2045 4555 .
2194 4543 2210 4555 ς
2269 4542 2323 4555 ιο
2440 4540 2495 4555 te.
2570 4546 2582 4555 Α
2707 4539 2761 4555 ’.μ
2794 4538 2853 4555 1·μ
2881 4534 3107 4555 ὶτῗ,μμ...
3141 4533 3579 4555 -___‘-_I!£j_-l_:_

1993 4547 2152 4618 plura
2180 4543 2246 4599 de
2269 4542 2356 4597 his
2376 4540 2588 4597 scilicet
2601 4538 2860 4609 capitulis
2880 4534 3114 4592 Nicaeum
3137 4535 3334 4606 synodi
3358 4534 3481 4590 ideo
3499 4533 3590 4592 hic

1987 4652 2098 4691 non
2132 4631 2491 4696 inseruimus,
2525 4644 2591 4684 ne
2620 4642 2852 4683 vacuare
2892 4626 3133 4680 vilemve
3170 4624 3345 4679 facere
3378 4624 3589 4695 predi-
3663 4669 3669 4677 .

1987 4733 2128 4783 ctam
2160 4724 2433 4795 synodum
2456 4719 2793 4785 videremur,
2826 4724 2919 4772 aut
2966 4715 3249 4772 fastidium
3286 4712 3590 4787 legentibus

1987 4813 2452 4884 audientibusque
2502 4809 2704 4865 faceret
2734 4808 3002 4881 epistola;
3055 4805 3099 4861 si
3133 4802 3256 4877 quis
3289 4813 3474 4860 autem
3515 4803 3582 4861 de

1986 4902 2075 4958 his
2104 4903 2373 4974 ampliora
2413 4907 2574 4971 atque
2613 4897 3016 4954 abundantiora
3066 4893 3207 4952 scire
3242 4892 3498 4959 voluerit,
3533 4893 3591 4947 in

1988 5006 2142 5049 sacro
2173 4998 2374 5047 nostra:
2404 4988 2551 5044 sedis
2583 4985 2826 5043 ecclesiae
2864 4986 3091 5051 scrinio,
3126 4990 3177 5039 et
3192 4997 3254 5036 ea
3283 4998 3402 5053 quae
3436 4996 3585 5051 prae—

1988 5083 2235 5139 diximus
2263 5080 2517 5136 invenire
2548 5077 2771 5149 poterit,
2798 5092 2984 5131 verum
3020 5090 3105 5128 me
3128 5071 3309 5127 dicere
3326 5069 3481 5125 testis
3510 5075 3592 5124 est

1989 5173 2104 5243 ipsa
2132 5168 2432 5236 Divinitas,
2466 5187 2496 5223 a
2522 5167 2679 5222 nullo
2710 5173 2789 5221 est
2810 5160 3298 5220 contradicendum
3332 5158 3461 5230 quia
3481 5156 3591 5213 nisi

1990 5262 2106 5333 ipsa
2136 5278 2254 5332 quae
2287 5260 2439 5314 misit
2468 5256 2713 5324 haberet,
2749 5253 2967 5309 mittere
2996 5249 3321 5307 nullomodo
3354 5256 3588 5320 poterat,

1988 5361 2041 5407 et
2096 5350 2225 5421 quia
2280 5350 2442 5419 plura
2473 5346 2706 5401 habebat
2739 5359 2853 5398 esse
2886 5341 3075 5414 utique
3119 5354 3308 5393 verum
3353 5345 3589 5406 constat,

1988 5440 2116 5512 quia
2144 5447 2197 5492 et
2220 5438 2313 5492 illa
2342 5452 2463 5508 quas
2493 5452 2706 5488 sacrum
2739 5431 3034 5486 concilium
3069 5428 3351 5483 Nicetium
3390 5428 3596 5484 consti-

1990 5528 2099 5583 tuit
2130 5535 2337 5583 certum
2361 5533 2442 5579 est
2465 5524 2520 5577 in
2548 5524 2794 5578 Romano
2809 5518 3014 5575 scrinio
3036 5518 3370 5573 conservari.
3393 5544 3410 5563 ι
3446 5515 3595 5572 Dicit

1988 5618 2172 5687 itaque
2219 5616 2276 5670 in
2305 5615 2549 5670 Romano
2571 5610 2778 5667 scrinio
2807 5615 2861 5665 et
2912 5608 3185 5681 ampliora
3214 5614 3267 5663 et
3298 5604 3603 5662 abundan-
