4078 6182
514 248 650 305 1047

1552 248 1896 305 HINCMARI
1934 242 2414 307 LUGDUNENSIS
2452 247 2765 306 EPISCOPI

3662 250 3798 307 4048

513 395 655 475 tiora
684 393 896 460 haberi,
927 402 982 450 et
1009 393 1381 452 nihilominus
1408 403 1718 453 testaturea
1746 413 1870 470 quae
1899 397 2096 470 praedi-
2127 401 2180 459 A
2207 397 2311 454 Sed
2340 399 2519 453 Julius
2548 406 2601 453 et
2630 414 2693 454 ea
2721 413 2843 470 quae
2865 397 2972 453 sibi
2994 404 3126 454 tunc
3144 401 3517 475 competentia
3537 401 3660 456 visa
3678 412 3803 459 sunt

510 483 598 538 xit
627 484 686 537 in
716 482 905 539 eodem
928 499 1086 555 posse
1107 484 1369 553 inveniri,
1402 494 1458 540 et
1477 502 1577 540 vos
1605 485 1854 541 fatemini
1885 502 1918 540 a
1946 487 2104 541 nullo

512 571 621 628 hoc
650 587 766 626 esse
795 571 1316 641 contradicendum,
1348 574 1477 646 quia
1508 573 1618 628 nisi
1649 574 1767 644 ipsa
1800 591 1920 645 quae
1954 574 2106 630 misit

513 662 761 730 haberet,
786 663 1004 718 mittere
1034 663 1361 718 nullomodo
1392 671 1622 735 poterat.
1648 665 1720 719 Et
1748 665 2027 736 quomodo
2047 666 2107 721 in

515 750 720 806 eisdem
750 758 938 822 postea
964 751 1427 822 quaternionibus
1456 752 1723 821 scribitis,
1754 753 1904 825 quod
1935 754 2105 809 mani-

512 839 715 894 festum
734 847 816 893 est
845 838 1069 893 nonnisi
1100 847 1319 894 tantum
1343 839 1545 910 viginti
1576 856 1697 912 quas
1730 839 1997 897 habemus
2023 857 2108 897 ca-

512 928 689 1001 pitula
710 926 880 981 fuisse
910 926 968 980 in
995 927 1219 982 Nicaeno
1257 927 1501 983 concilio
1524 927 1870 985 constituta?
1902 931 2109 985 Verum

515 1022 570 1068 et
601 1014 1045 1086 longissimarum
1081 1023 1304 1071 aetatum
1344 1030 1413 1069 ex
1453 1016 1678 1088 antiqua
1712 1019 2110 1074 consuetudine

511 1103 732 1174 prolixa
754 1110 1016 1174 tempora,
1044 1119 1136 1173 per
1159 1120 1279 1175 quae
1301 1103 1476 1173 ipsius
1502 1106 1725 1161 concilii
1749 1106 1866 1162 haec
1892 1114 2109 1162 tantum

518 1190 719 1261 viginti
740 1191 982 1262 capitula
1001 1191 1153 1246 fuere
1169 1200 1440 1263 suscepta,
1469 1192 1654 1248 verbis
1683 1192 2111 1266 historiographi

517 1278 726 1346 Ruﬁni,
751 1294 872 1350 quae
905 1277 1327 1335 indubitabilem
1358 1280 1571 1336 faciunt
1600 1280 1785 1337 ﬁdem.
1812 1282 2114 1355 Utrumque

518 1381 632 1423 non
645 1367 915 1438 procedit,
938 1368 1068 1439 quia
1082 1368 1127 1423 si
1140 1377 1356 1424 tantum
1376 1370 1577 1439 viginti
1601 1371 1843 1442 capitula
1863 1379 2115 1443 suscepta

518 1454 688 1511 fuisse
717 1472 789 1510 ex
818 1455 1002 1511 verbis
1029 1456 1460 1530 historiographi
1486 1458 1845 1515 indubitabili
1875 1461 1982 1517 ﬁde
2002 1478 2112 1517 cre-

517 1542 741 1611 dantur,
765 1545 1260 1603 contradicendum
1283 1547 1388 1602 erit
1407 1548 1576 1616 Julio,
1599 1549 1693 1620 qui
1715 1549 1909 1604 asserit
1940 1549 2007 1604 de
2028 1549 2115 1603 bis

517 1632 787 1703 ampliora
807 1640 969 1705 atque
994 1634 1419 1704 abundantiora,
1447 1637 1581 1708 quin
1595 1654 1812 1709 quoque
1841 1646 1895 1693 et
1910 1653 1971 1692 ea
1996 1653 2114 1709 quae

515 1719 778 1788 praedixit
793 1721 850 1774 in
872 1721 1118 1777 Romano
1136 1724 1344 1779 scrinio
1368 1740 1525 1794 posse
1545 1726 1814 1793 inveniri,
1830 1742 1953 1797 qua:
1969 1724 2115 1779 idem

516 1803 578 1858 in
621 1806 859 1876 epistola
885 1822 983 1861 sua
1009 1824 1065 1862 se
1094 1815 1331 1864 testatur
1361 1825 1474 1864 non
1503 1810 1886 1883 assumpsisse,
1909 1827 1979 1866 ne
2007 1827 2115 1865 va-

516 1907 678 1947 cuare
708 1894 955 1949 vilemve
999 1895 1178 1951 facere
1210 1896 1528 1967 praedictam
1573 1898 1871 1969 synodum,
1903 1896 2115 1953 scilicet

515 1980 813 2048 Nicaznam,
846 1982 1144 2038 videretur.
1177 1986 1407 2040 Rectum
1429 1992 1511 2039 est
1541 2002 1689 2057 ergo,
1719 1995 1783 2041 ut
1812 1987 1897 2041 illi
1930 1986 2115 2056 potius

514 2066 788 2134 credatur,
820 2068 911 2122 cui
942 2068 1098 2123 testis
1117 2078 1200 2124 est
1221 2071 1339 2142 ipsa
1370 2072 1671 2141 Divinitas,
1715 2089 1835 2145 quae
1865 2089 2115 2146 spopon-

515 2152 599 2207 dit
624 2153 715 2207 ubi
742 2152 949 2208 fuerint
979 2154 1084 2209 duo
1104 2157 1185 2210 vel
1217 2162 1319 2211 tres
1365 2160 1667 2231 congregati
1698 2177 1753 2214 in
1772 2177 1980 2215 nomine
2004 2178 2114 2215 meo

514 2243 589 2297 ibi
609 2259 697 2314 ego
718 2244 775 2298 in
802 2244 973 2299 medio
989 2262 1297 2301 eorumsum
1320 2247 1534 2319 (Matth.
1558 2250 1749 2321 xvm).
1775 2251 1846 2307 Et
1867 2252 2025 2307 item:
2058 2251 2116 2307 Si

514 2333 618 2388 duo
650 2350 713 2387 ea;
738 2333 884 2388 vobis
905 2336 1279 2405 consenserint,
1298 2354 1362 2392 ea:
1390 2340 1533 2394 omni
1551 2357 1610 2394 re
1624 2357 2002 2412 quamcumque
2016 2358 2116 2412 pe-

518 2422 728 2491 tieritis,
763 2423 851 2495 ﬁet
880 2424 1022 2479 vobis
1067 2442 1102 2479 a
1146 2426 1309 2481 Patre
1341 2445 1454 2482 meo
1496 2428 1710 2500 (Ibid.).
1740 2428 1814 2484 Et
1838 2430 1968 2485 item
1998 2430 2116 2501 ipsa

512 2512 796 2568 Divinitas
808 2529 869 2568 ac
884 2513 1136 2570 Veritas:
1163 2517 1231 2571 In
1253 2534 1344 2571 ore
1363 2518 1591 2572 duorum
1612 2521 1693 2574 vet
1714 2520 1881 2574 trium
1910 2520 2115 2574 testium

513 2602 672 2655 stabit
699 2617 849 2654 omne
884 2603 1101 2656 verbum
1131 2604 1310 2674 (Deut.
1352 2622 1480 2674 xix;
1519 2608 1712 2665 Matth.
1752 2610 1942 2680 xvm).
1973 2609 2115 2665 Ecce

512 2699 623 2746 tres
644 2690 830 2747 idonei
862 2700 1049 2762 testes,
1081 2703 1136 2749 et
1160 2711 1272 2751 non
1311 2697 1475 2753 modo
1507 2704 1696 2767 testes,
1718 2713 1910 2754 verum
1941 2707 1995 2755 et
2024 2709 2114 2755 te-

513 2781 876 2836 stiﬁcantium
899 2784 1363 2853 corroboratores,
1390 2787 1624 2854 Marcus,
1648 2788 1827 2844 Julius
1850 2806 1913 2845 ac
1934 2789 2110 2857 Felix,

511 2873 674 2944 plura
692 2888 856 2943 quam
873 2873 1075 2943 viginti
1095 2890 1167 2927 ex
1189 2876 1412 2932 Nicaeno
1432 2880 1674 2934 concilio
1689 2881 1861 2937 ascita
1878 2898 1973 2952 per
1993 2899 2115 2953 pro-

512 2958 629 3014 lixa
647 2966 896 3031 tempora
928 2961 1372 3032 longissimarum
1392 2972 1615 3020 aetatum
1635 2967 1692 3021 in
1716 2969 1962 3023 Romano
1983 2969 2112 3025 scri-

2213 503 2281 541 ex
2306 487 2529 544 Nicaena
2560 486 2856 558 assumpsit
2884 485 3118 558 synodo,
3150 488 3304 543 velut
3336 488 3451 560 ipse
3470 474 3571 557 ait,
3603 498 3668 545 ut
3694 498 3807 546 tan-

2216 583 2398 631 torum
2429 576 2652 630 Patrum
2686 573 3010 630 auctoritate
3043 591 3139 630 sua
3171 576 3522 633 roboraretur
3556 579 3805 650 epistola,

2215 671 2269 719 et
2292 664 2384 719 illa
2398 680 2518 735 quae
2538 680 2637 735 pro
2656 663 2918 719 instantis
2938 665 3202 735 temporis
3217 666 3542 723 necessitate
3562 667 3812 723 addenda

2219 760 2394 820 erant,
2428 753 2569 808 sicut
2600 760 2653 808 et
2681 768 2811 808 suus
2840 768 3123 809 successor
3149 752 3324 821 Felix,
3355 754 3652 827 ceterique
3682 772 3812 826 pra:-

2219 841 2529 897 decessores
2557 857 2621 897 ac
2648 856 2986 897 successores
3011 841 3282 910 fecerunt,
3304 843 3607 914 apostolica
3631 853 3814 900 aucto-

2220 929 2382 986 ritate
2412 919 2803 987 constituéndo
2837 930 3108 1002 apposuit.

2289 1026 2447 1093 Quod
2467 1035 2651 1083 autem
2672 1026 2911 1083 subditis
2932 1043 2942 1080 :
2981 1050 2999 1072 ι
3022 1027 3093 1081 Et
3112 1025 3157 1080 si
3179 1027 3246 1081 de
3266 1027 3655 1098 appellatione,
3674 1030 3817 1084 sicut

2222 1114 2279 1170 in
2319 1114 2629 1171 Sardicensi
2673 1115 2911 1171 concilio
2957 1115 3325 1171 constitutum
3375 1125 3476 1183 est,
3509 1115 3569 1171 in
3598 1116 3819 1173 Nicaano

2221 1203 2460 1260 concilio
2509 1203 2702 1259 fuisset
2732 1210 2890 1259 antea
2918 1210 3207 1272 statutum,
3242 1204 3397 1259 nulla
3421 1205 3662 1277 perforet
3716 1222 3824 1259 ne-

2222 1293 2468 1358 cessitas,
2500 1299 2561 1346 ut
2593 1292 2791 1347 iterum
2822 1292 2881 1348 in
2912 1292 3018 1347 hoc
3046 1292 3287 1348 concilio
3313 1292 3444 1348 inde
3464 1293 3822 1349 constituere-

2223 1391 2351 1449 tur;
2381 1382 2475 1437 sed
2507 1382 2652 1437 sicut
2678 1381 2735 1435 in
2765 1380 2890 1435 aliis
2933 1381 3188 1437 conciliis
3227 1381 3429 1452 legitur
3466 1382 3818 1449 scriberetur,

2225 1471 2484 1528 videlicet
2515 1478 2579 1526 ut
2607 1487 2669 1527 ea
2696 1486 2816 1542 quae
2844 1477 2973 1526 sunt
3007 1470 3062 1525 in
3091 1470 3315 1526 Nicaano
3342 1471 3583 1527 concilio
3609 1472 3821 1527 consli—

2224 1566 2347 1615 tuta
2397 1559 2464 1614 ab
2522 1559 2788 1614 omnibus
2841 1566 3257 1615 conserventur.
3311 1584 3330 1607 ι
3402 1559 3644 1631 Apparet
3698 1562 3822 1633 quia

2225 1648 2544 1704 nullatenus
2570 1648 2802 1704 creditis
2835 1647 3014 1704 tribus
3041 1648 3283 1719 praefatis
3299 1648 3551 1718 testibus,
3585 1650 3732 1722 quod
3760 1650 3821 1705 de

2144 1748 2190 1807 Β
2221 1738 2587 1810 appellatione
2599 1738 2979 1810 episcoporum
2997 1738 3066 1793 ad
3086 1739 3344 1795 Romanis
3361 1739 3506 1795 sedis
3522 1741 3816 1796 antistitem

2223 1827 2282 1882 in
2310 1827 2532 1883 Nicmna
2561 1826 2786 1898 Synodo
2820 1827 3187 1883 constitutum
3216 1827 3291 1883 sit
3310 1829 3450 1897 (can.
3483 1829 3538 1897 7)
3567 1846 3580 1895 ;
3615 1844 3726 1884 non
3751 1838 3817 1883 ta-

2223 1932 2349 1973 men
2395 1916 2616 1971 obsistit
2654 1916 2857 1971 rationi
2890 1916 2975 1971 vel
3009 1916 3159 1985 ﬁdei,
3193 1916 3336 1972 illud
3365 1916 3489 1972 ideo
3517 1917 3577 1972 in
3605 1917 3818 1974 Nicaeus

2224 2004 2437 2076 synodo
2467 2020 2583 2059 non
2612 2004 2784 2059 fuisse
2813 2004 3120 2073 decretum,
3151 2021 3214 2059 eo
3243 2005 3392 2076 quod
3421 2004 3481 2060 in
3508 2004 3811 2061 Sardicensi

2223 2093 2461 2150 concilio
2501 2092 2607 2150 hoc
2651 2109 2868 2165 quoque
2911 2094 3277 2149 constitutum
3316 2095 3409 2162 sit,
3442 2094 3540 2149 ubi
3581 2094 3813 2150 dicitur:

2237 2182 2422 2238 :Osius
2437 2183 2727 2255 episcopus
2742 2182 2890 2238 dixit
2915 2200 2925 2237 :
2953 2185 3170 2240 Placuit
3181 2191 3454 2252 autem,ut
3471 2185 3516 2239 si
3539 2185 3816 2256 episcopus

2224 2282 2508 2331 accusatus
2537 2273 2724 2342 fuerit,
2760 2281 2814 2329 et
2838 2273 3213 2345 judicaverint
3241 2275 3559 2346 congregati
3581 2276 3810 2348 episcopi

2223 2364 2465 2434 regionis
2506 2364 2697 2435 ipsius,
2730 2371 2784 2420 et
2813 2365 2880 2420 de
2909 2364 3079 2435 gradu
3120 2381 3219 2420 suo
3248 2381 3374 2420 eum
3415 2364 3740 2436 dejecerint,
3778 2365 3815 2418 si

2224 2454 2584 2524 appellaverit
2604 2454 2697 2527 qui
2719 2452 2965 2525 dejectus
2983 2462 3087 2521 est,
3119 2461 3173 2508 et
3199 2454 3511 2527 confugerit
3530 2454 3601 2510 ad
3622 2453 3815 2526 episce

2225 2559 2356 2614 pum
2405 2546 2662 2602 Romanas
2709 2543 2991 2611 Ecclesiae,
3040 2552 3094 2599 et
3140 2543 3381 2600 voluerit
3424 2560 3482 2600 se
3521 2544 3729 2610 audiri,
3776 2546 3812 2599 si

2217 2632 2429 2704 justum
2460 2632 2758 2704 putaverit,
2787 2640 2849 2688 ut
2874 2640 3171 2688 renovetur
3192 2632 3469 2703 judicium
3497 2634 3587 2690 vel
3615 2634 3812 2690 discus‘

2223 2724 2396 2779 sionis
2424 2739 2677 2791 examen,
2713 2722 2949 2779 scribere
2979 2722 3067 2779 his
3093 2722 3366 2795 episcopis
3403 2723 3689 2794 dignetur,
3730 2725 3811 2796 qui

2223 2814 2282 2870 in
2315 2812 2553 2868 ﬁnitima
2575 2820 2629 2867 et
2655 2814 2964 2886 propinqua
2994 2811 3284 2884 provincia
3309 2820 3457 2880 sunt,
3487 2822 3551 2869 ut
3590 2815 3696 2886 ipsi
3730 2815 3814 2869 di-

2222 2903 2454 2973 ligenter
2490 2902 2679 2956 omnio
2713 2902 3013 2972 requirant,
3063 2909 3116 2956 et
3152 2899 3314 2972 juxta
3354 2900 3520 2957 ﬁdem
3571 2902 3811 2957 veritatis

2221 2989 2522 3046 dilﬁniant.
2551 2989 2709 3056 Quod
2736 2989 2784 3044 si
2810 2989 2858 3044 is
2887 2990 2983 3061 qui
3005 2998 3158 3061 rogat
3187 3006 3405 3046 causam
3435 3006 3594 3046 suam
3626 2991 3809 3046 iterum

511 3050 607 3105 nio
636 3058 910 3107 reservata
938 3052 1338 3122 demonstrant,
1368 3071 1469 3112 nec
1498 3056 1845 3112 Antiocheno
1874 3059 2111 3115 concilio
2142 3100 2186 3160 Ο
2220 3079 2422 3146 audiri,
2454 3050 2842 3150 deﬁgam“,
2869 3050 2966 3134 5&3
2999 3050 3237 3134 ηιξγθι-ίι
3275 3078 3597 3151 episcopum
3634 3097 3811 3136 roma-

512 3156 807 3197 numerum
828 3143 1073 3214 ipsorum
1095 3155 1406 3217 aggregant,
1429 3146 1525 3203 sed
1542 3148 1602 3202 in
1622 3148 1844 3205 Nicaeno
1874 3150 2109 3205 concilio

513 3237 717 3285 statuta
754 3231 1113 3302 depromunt,
1137 3242 1191 3289 et
1235 3236 1585 3308 septuaginta
1622 3239 1711 3293 vel
1755 3254 1819 3293 eo
1847 3240 2107 3311 amplius,

510 3335 624 3375 non
653 3320 1016 3393 quadraginta
1030 3324 1275 3396 quinque
1300 3333 1395 3380 aut
1416 3334 1631 3382 tantum
1650 3327 1849 3399 viginti
1867 3329 2108 3401 capitula

509 3418 931 3466 connumerant.
963 3411 1117 3468 Unde
1145 3413 1275 3487 quia
1306 3431 1417 3470 non
1442 3423 1661 3487 oportet
1685 3432 1717 3471 a
1746 3418 1925 3489 capite
1940 3417 2106 3473 disse-

509 3513 649 3567 rere,
670 3516 889 3557 necesse
911 3510 993 3558 est
1022 3503 1185 3560 nobis
1213 3521 1276 3561 ea
1296 3522 1416 3577 quas
1430 3506 1783 3563 tradiderunt
1805 3509 2103 3577 custodire,

509 3592 564 3640 et
591 3589 777 3656 potius
795 3605 915 3660 quae
947 3590 1196 3645 nondum
1220 3592 1484 3649 habemus
1506 3597 1840 3665 perquirere,
1855 3614 2017 3669 quam
2045 3614 2107 3654 ea

507 3689 627 3744 quae
659 3674 843 3744 adepti
873 3691 1063 3730 sumus
1094 3678 1405 3748 reprohare.

576 3773 737 3841 Quod
766 3792 898 3831 vero
931 3776 989 3832 in
1040 3778 1246 3835 eisdem
1303 3784 1764 3853 quaternionibus
1820 3787 2100 3844 scribitis:

447 3897 457 3908 ο
518 3887 537 3910 ι
567 3864 730 3918 Anno
763 3881 896 3921 vero
921 3866 1143 3923 circiter
1181 3867 1449 3940 vigesimo
1478 3873 1646 3927 tertio
1677 3882 1799 3943 post
1827 3876 2102 3933 Nicaenam

504 3950 784 4021 synodum
814 3954 1166 4034 Antiochena
1191 3958 1438 4027 synodus
1469 3958 1659 4016 habita
1699 3970 1802 4031 est,
1833 3971 1887 4019 et
1915 3967 2102 4023 eadem

502 4037 733 4125 epistola
751 4040 885 4094 Julii
917 4056 1013 4111 per
1039 4041 1185 4098 idem
1203 4051 1419 4117 tempus
1447 4047 1592 4103 facta
1603 4066 1719 4106 esse
1737 4051 2098 4125 dignoscitur,

506 4123 565 4178 in
595 4139 704 4196 qua
732 4128 892 4197 plura
924 4129 1167 4201 capitula
1192 4133 1359 4189 modo
1390 4135 1610 4193 diverso
1639 4123 1871 4198 collecta
1899 4123 2102 4201 tenené

499 4223 609 4306 tur,
636 4232 759 4306 quae
792 4218 838 4272 si
869 4218 935 4275 de
981 4238 1091 4279 una
1123 4226 1339 4297 synodo
1378 4228 1613 4286 fuissent
1646 4243 1946 4306 assumpta,
1990 4252 2100 4293 non

498 4302 686 4359 taliter
730 4304 1111 4365 dissonarent:
1142 4312 1272 4368 inde
1302 4316 1476 4388 magis
1507 4331 1753 4392 apparet,
1803 4302 1937 4395 quia
1966 4324 2098 4379 dum

2220 3182 2374 3232 num,
2426 3175 2489 3222 ut
2532 3182 2561 3221 e
2607 3167 2776 3221 latere
2813 3183 2912 3222 suo
2942 3167 3322 3240 presbyterum
3370 3167 3575 3235 mittat,
3611 3170 3717 3225 erit
3761 3171 3810 3223 in

2218 3262 2484 3327 potestate
2514 3255 2756 3327 episcopi
2786 3256 2921 3327 quid
2950 3257 3107 3326 velit,
3141 3265 3194 3312 et
3222 3258 3357 3329 quid
3386 3258 3625 3314 aestimet
3649 3279 3663 3324 ;
3694 3267 3748 3314 et
3769 3258 3809 3314 si

2218 3343 2523 3401 decreverit
2553 3343 2855 3399 mittendos
2879 3360 2994 3400 esse
3023 3346 3119 3418 qui
3143 3353 3438 3417 presentes
3457 3362 3586 3402 cum
3611 3348 3803 3418 episco-

2216 3434 2301 3505 pis
2325 3432 2598 3505 judicent,
2631 3434 2896 3491 habentes
2922 3434 3041 3505 ejus
3059 3437 3388 3492 auctoritate
3400 3452 3454 3490 m
3474 3453 3505 3491 a
3522 3453 3639 3508 quo
3657 3437 3805 3492 desti-

2217 3531 2440 3591 nantur,
2473 3523 2578 3579 erit
2603 3522 2664 3578 in
2693 3540 2792 3579 suo
2821 3522 3074 3579 arbitrio.
3108 3523 3165 3580 Si
3197 3539 3329 3579 vero
3357 3524 3656 3582 crediderit
3693 3526 3806 3597 epi-

2215 3627 2409 3683 scopos
2449 3611 2720 3680 suﬂicere,
2769 3620 2831 3668 ut
2883 3612 3103 3683 negotio
3151 3613 3455 3669 terminum
3505 3614 3800 3688 imponant,

2215 3701 2378 3758 faciet
2419 3702 2567 3773 quod
2598 3702 3004 3773 sapientissimo
3034 3702 3269 3758 consilio
3293 3702 3653 3773 judicaverit.
3685 3729 3702 3751 ι
3748 3706 3803 3759 In

2214 3788 2485 3859 superiori
2511 3789 2757 3861 capitulo
2778 3790 3023 3862 ejusdem
3050 3791 3280 3848 concilii
3308 3792 3556 3862 positum
3580 3801 3689 3848 est:
3722 3792 3797 3845 uSi

2213 3875 2319 3932 hoc
2346 3876 2603 3933 omnibus
2634 3879 2835 3949 placet.
2869 3878 3127 3950 Synodus
3141 3880 3426 3951 respondit
3451 3897 3463 3934 :
3487 3880 3695 3946 Placet;
3718 3881 3799 3935 -in

2212 3965 2318 4023 isto
2348 3967 2561 4024 dictum
2590 3978 2673 4025 est
2699 3958 2714 4025 Ξ
2764 3995 2783 4017 ι
2812 3970 3027 4028 Placuit
3054 3978 3259 4027 autem.
3294 3997 3311 4019 ι
3354 3973 3486 4027 Jure
3514 3975 3683 4044 igitur
3702 3975 3798 4045 pla-

2210 4056 2327 4111 cuit
2355 4057 2517 4113 Osius
2545 4058 2711 4125 dixit,
2745 4059 2790 4114 si
2821 4058 2880 4114 id
2910 4058 3065 4130 prius
3090 4069 3321 4116 noverat
3349 4064 3720 4118 constitutum
3747 4063 3797 4116 in

2209 4145 2430 4203 Nicaena
2458 4148 2696 4219 synodo,
2726 4156 2820 4203 aut
2844 4147 2914 4202 ad
2934 4147 3188 4204 eumdem
3218 4150 3517 4205 verborum
3544 4159 3794 4217 tenorem,

2209 4246 2305 4293 aut
2324 4238 2392 4293 ad
2413 4237 2576 4294 istius
2599 4240 2828 4306 tenoris,
2859 4241 3014 4296 velut
3034 4242 3093 4297 in
3113 4242 3484 4299 decretalibus
3504 4245 3798 4311 invenitur,

2208 4327 2642 4399 proportionem.
2672 4328 2784 4385 Nec
2813 4345 3029 4401 quoque
3050 4331 3280 4399 mirum,
3303 4339 3400 4386 aut
3417 4332 3712 4389 absurdum
3724 4340 3799 4389 est

497 4400 834 4506 epAtempore
857 4414 1011 4506 suam
1042 4399 1223 4457 Julius
1252 4403 1383 4459 fecit
1414 4406 1730 4506 epistolam,
1758 4427 1867 4483 quo
1895 4414 2087 4469 Antio-
2121 4447 2172 4506 D
2206 4414 2333 4484 hoc,
2358 4416 2699 4474 Sardicensis
2722 4399 2959 4475 concilii
2976 4427 3196 4476 sanctos
3218 4420 3404 4476 Patres
3426 4422 3615 4477 eadem
3635 4422 3796 4494 Spiri-

494 4479 733 4574 chenum
762 4486 1065 4545 concilium
1082 4499 1269 4548 actum
1288 4500 1392 4562 est,
1424 4511 1534 4551 non
1568 4514 1695 4554 eum
1717 4479 1943 4557 latuisse
1965 4519 2086 4574 quae

495 4567 555 4622 in
581 4571 773 4626 eodem
817 4575 1056 4631 concilio
1103 4585 1309 4634 statuta
1357 4592 1507 4651 sunt,
1541 4587 1687 4656 quod
1723 4585 1844 4657 ejus
1872 4567 2091 4646 necesse

492 4664 610 4712 erat
638 4661 967 4717 auctoritate
991 4664 1263 4735 roborari,
1293 4684 1357 4724 ac
1387 4686 1482 4740 per
1501 4671 1605 4728 hoc
1635 4690 1746 4729 non
1773 4679 2089 4735 confudisse

489 4743 701 4841 lycia-ni
748 4763 813 4802 ac
852 4750 1190 4841 Antiocheni
1223 4758 1439 4828 regulas
1473 4760 1721 4819 concilii.
1754 4789 1772 4811 ι
1817 4766 1922 4822 Sed
1952 4770 2089 4841 quid

490 4829 844 4924 dic_itis,_quaa
855 4836 902 4891 si
931 4838 998 4892 de
1026 4856 1133 4898 una
1149 4845 1363 4914 synodo
1380 4846 1616 4904 fuissent
1645 4861 1943 4924 assumpta,
1966 4829 2085 4912 non

489 4920 674 5015 taliter
691 4920 1071 4983 dissonarent?
1086 4929 1230 5001 Ergo
1251 4932 1296 4986 si
1318 4949 1379 4989 ea
1395 4934 1707 5006 dissonant,
1732 4920 1854 5012 quae
1884 4920 1952 4996 de
1982 4960 2085 5015 sy—

488 5007 650 5067 nodis
678 5022 1055 5084 assumuntur,
1092 5026 1146 5073 et
1175 5022 1374 5091 synodi
1406 5022 1551 5079 inter
1589 5041 1646 5081 se
1675 5007 1963 5085 contrariae
1993 5007 2082 5087 fe-

486 5105 706 5187 runtur,
739 5100 877 5174 quid
916 5103 1021 5159 sibi
1043 5104 1159 5176 jam
1188 5112 1533 5181 consonabit,
1568 5116 1715 5187 quod
1745 5117 1804 5172 in
1834 5117 2082 5176 Ecclesia

484 5184 585 5241 Dei
615 5187 855 5245 solidum
885 5190 1219 5269 ﬁrmumque
1266 5184 1929 5275 inveniatur—aediﬁcium,
1950 5224 2078 5265 cum

484 5281 538 5329 et
568 5276 867 5337 decretales
891 5287 1205 5354 apostolicae
1234 5290 1380 5348 sedis
1399 5296 1657 5366 epistolas
1684 5296 1941 5355 similiter
1969 5300 2078 5356 dis-

481 5378 674 5460 sonare
694 5384 805 5424 non
828 5374 1018 5460 tacetis
1034 5374 1062 5431 ?
1084 5375 1242 5435 Certe
1273 5397 1386 5438 non
1407 5383 1693 5443 dissonant
1721 5404 1842 5460 quae
1857 5388 2075 5445 diverso

485 5450 652 5544 modo
686 5458 1046 5523 prodiversis
1075 5469 1495 5529 necessitatibus
1524 5450 1900 5544 assumuntur,
1923 5476 1969 5531 si
2005 5476 2074 5531 ab

480 5543 736 5613 aequitate
754 5552 984 5609 rationis
1010 5565 1065 5612 et
1086 5562 1306 5619 tramite
1328 5566 1577 5624 veritatis
1600 5586 1711 5625 non
1734 5570 2070 5641 discrepant;

2206 4511 2295 4560 tus
2323 4505 2498 4563 sancti
2528 4506 2700 4578 gratia
2730 4508 2982 4563 visitatos
3008 4508 3199 4563 fuisse.
3231 4508 3523 4578 Quocirca,
3547 4511 3647 4565 etsi
3688 4528 3799 4566 non

2201 4608 2263 4648 ea
2303 4594 2454 4663 prius
2492 4610 2524 4649 a
2567 4594 2751 4650 Nicaea
2779 4594 3111 4665 didicerant,
3147 4596 3338 4652 eadem
3364 4598 3616 4666 sensisse,
3650 4608 3704 4654 et
3730 4598 3798 4653 ad

2197 4682 2373 4737 sancti
2420 4683 2566 4738 Petri
2604 4684 2837 4754 apostoli
2884 4686 3208 4740 memoriam
3250 4686 3627 4742 honorandam
3682 4687 3800 4742 hzec

2190 4769 2313 4843 ipsa
2337 4770 2609 4826 statuisse.
2642 4772 2783 4827 Puto
2811 4780 3012 4841 tamen,
3031 4773 3077 4829 si
3099 4774 3451 4830 solummodo
3482 4776 3587 4832 hoc
3607 4774 3799 4828 Sardi-

2193 4874 2353 4915 cense
2390 4858 2596 4915 diceret
2624 4862 2950 4930 concilium,
2986 4869 3046 4917 ut
3079 4879 3142 4917 ea
3170 4879 3293 4935 quae
3322 4872 3453 4919 sunt
3484 4865 3542 4918 in
3577 4864 3798 4919 Nicaeno

2194 4949 2433 5005 concilio
2451 4950 2754 5006 constituta
2776 4952 2845 5007 ab
2873 4952 3137 5008 omnibus
3152 4963 3574 5021 conserventur,
3598 4970 3708 5009 non
3727 4953 3796 5008 de

2192 5038 2566 5110 appellatione
2596 5040 2924 5112 quidquam,
2963 5044 3093 5115 quia
3119 5043 3179 5097 in
3208 5043 3295 5098 his
3318 5043 3517 5115 viginti
3540 5043 3796 5114 capitulis

2191 5141 2304 5180 non
2323 5125 2663 5195 continetur,
2689 5129 3009 5184 conservari
3029 5130 3267 5202 intelligi
3288 5131 3793 5187 voluissetis.Nunc

2189 5230 2342 5283 vero,
2385 5216 2515 5287 quia
2551 5216 2619 5271 de
2656 5216 2777 5287 ipsa
2824 5218 3192 5290 appellatione
3219 5228 3331 5275 tam
3361 5225 3613 5292 expresSe
3638 5219 3789 5291 quod

2187 5305 2519 5362 servandum
2545 5315 2625 5361 est
2655 5308 2805 5361 salva
2825 5309 3125 5378 apostolica
3148 5309 3522 5377 institutione,
3546 5310 3599 5365 id
3620 5310 3786 5363 etiam

2186 5409 2255 5448 ex
2289 5394 2510 5451 Nicaena
2552 5395 2768 5465 synodo
2808 5397 3193 5466 promulgante
3248 5398 3580 5465 ostenditur,
3632 5398 3791 5451 salva

2183 5482 2483 5553 apostolica
2510 5483 2837 5539 auctoritate
2860 5484 3007 5552 dico,
3026 5485 3157 5557 quia
3179 5487 3406 5545 Nicaeua
3430 5487 3687 5560 synodus,
3725 5493 3791 5540 ut

2181 5586 2319 5641 papa
2372 5572 2689 5645 Bonifacius
2753 5572 3022 5645 episcopis
3078 5591 3180 5647 per
3235 5577 3566 5632 Thessaliam
3632 5590 3785 5628 con-
