4056 6190
192 290 334 346 1049

1381 284 1744 353 OPUSCULA
1782 288 1872 343 ET
1918 288 2312 346 EPISTOLE.

3367 294 3506 353 1050

185 440 405 498 stitutis
433 439 675 512 scripsit,
708 456 821 496 non
847 441 1056 515 aliquid
1082 457 1246 515 super
1271 442 1570 499 Romanam
1602 440 1783 496 sedem
1814 445 1864 504 Α
1905 441 2397 512 stantinopolitano
2429 442 2698 516 episcopis
2719 459 2877 515 posse
2894 445 3243 516 praetermitti
3277 465 3289 502 :
3322 456 3385 503 ut
3413 459 3507 504 au'

184 556 322 597 ausa
346 539 457 594 fuit
486 537 845 604 constituere,
875 540 966 596 cui
996 540 1208 596 videret
1237 538 1316 595 nil
1343 556 1508 613 supra
1537 539 1795 595 meritum

187 654 355 693 suum
387 651 545 709 posse
575 635 814 691 conferri
851 654 862 692 :
919 639 1105 693 omnia
1143 637 1380 711 denique
1410 638 1539 696 huic
1568 646 1797 695 noverat

186 733 419 790 Domini
449 750 700 790 sermone
728 752 1005 801 concessa,
1036 737 1122 792 vel
1150 752 1218 791 ex
1248 752 1313 793 eo
1349 752 1411 792 ac
1443 753 1540 808 pro
1570 752 1634 792 eo
1664 736 1798 809 quid

190 835 343 892 istud
372 835 675 892 concilium
703 837 850 909 quod
879 838 1122 910 recipitis
1146 837 1283 894 illud
1304 839 1638 897 servandum
1667 853 1797 893 con-

191 934 400 1001 stituit,
433 936 641 990 servari
672 936 994 1007 permittite,
1017 937 1232 993 etiamsi
1263 937 1330 993 de
1361 937 1467 993 hoc
1495 937 1553 992 in
1580 936 1801 992 Niczena

192 1021 413 1105 synodo
434 1032 578 1088 nihil
614 1041 879 1090 statutum
909 1035 1163 1092 credatis.
1188 1036 1258 1090 Et
1277 1035 1419 1091 sicut
1448 1034 1517 1090 ab
1542 1034 1799 1092 omnibus

197 1133 295 1188 illa
306 1132 507 1203 viginti
520 1132 761 1204 capitula
773 1142 1116 1201 tenentur,ac
1133 1134 1475 1191 observanda
1486 1143 1797 1204 censentur,

197 1244 319 1300 quae
348 1243 451 1284 nec
478 1229 594 1283 sola
630 1228 700 1283 ad
747 1245 937 1285 omnes
977 1229 1331 1287 ecclesiastici
1374 1230 1587 1287 ordinis
1637 1233 1799 1288 ει]Πί-

197 1316 355 1372 ciunt
391 1316 677 1383 utilitates,
709 1333 771 1372 ac
801 1326 1111 1390 temporum
1152 1320 1508 1375 necessitates
1536 1338 1547 1375 :
1583 1320 1663 1375 sic
1691 1329 1744 1375 et
1769 1337 1800 1375 a

199 1404 359 1460 vobis
385 1406 471 1460 vel
515 1406 661 1462 istud
681 1406 855 1461 teneri
888 1422 950 1463 ac
980 1406 1258 1463 observari
1301 1423 1411 1462 non
1443 1408 1802 1479 prohibeatur

197 1495 523 1567 capitulum,
555 1495 702 1568 quod
729 1496 869 1551 nulli
906 1497 1078 1565 obest,
1129 1505 1182 1552 et
1229 1498 1487 1554 omnibus
1528 1498 1794 1570 prodest;

197 1586 459 1658 quoniam
492 1593 779 1658 postquam
812 1587 1135 1645 Africanum
1159 1589 1468 1646 'concilium
1507 1590 1575 1646 ad
1606 1606 1800 1663 papam

197 1674 560 1732 Caelestinum
591 1674 812 1746 scripsit
836 1692 934 1732 sua
962 1676 1020 1732 in
1050 1677 1282 1749 epistola
1312 1678 1380 1733 ad
1406 1679 1589 1734 locum
1622 1679 1796 1750 (epist.

1906 537 2017 585 tem
2040 546 2149 585 non
2168 531 2403 601 pleniter
2420 532 2890 600 mitterentur,aut
2912 530 2957 587 si
2983 532 3148 587 missa
3167 536 3387 602 sunt,ab
3409 537 3509 592 ali-

1907 619 2127 691 quibus,
2165 628 2226 675 ut
2256 621 2323 676 de
2356 620 2547 675 multis
2576 622 2829 693 legimus,
2863 622 3248 677 minuerentur
3281 632 3374 678 aut
3402 625 3509 680 de-

1908 719 2289 781 pravarentur,
2322 710 2410 765 vel
2441 710 2509 764 ab
2540 710 2673 781 ipsis
2699 710 2977 767 Africanis
2996 712 3091 783 qui
3120 728 3219 768 sua
3248 713 3509 770 nolebant

1908 799 2191 855 retractari
2227 796 2457 867 judicia,
2493 796 2847 864 vitiarentur,
2868 805 2930 852 ut
2957 798 3100 853 sicut
3130 801 3355 856 mentiti
3382 810 3511 856 sunt

1908 887 2062 942 nulla
2092 887 2196 942 hoc
2226 887 2448 942 Patrum
2479 884 2696 957 synodo
2727 885 3110 954 constitutum,
3144 888 3291 959 quod
3330 891 3509 946 occul-

1909 977 2012 1032 tari
2060 991 2173 1030 non
2220 981 2417 1046 potest,
2466 974 2547 1030 sic
2591 982 2645 1029 et
2693 973 2833 1028 forte
2883 974 3269 1040 mentirentur,
3302 992 3414 1032 non
3443 977 3510 1032 ab

1912 1064 2290 1120 Alexandrino
2338 1064 2425 1118 vel
2475 1061 3405 1135 ConstantinOpolitanoepiscOpis
3455 1064 3512 1119 id

1910 1152 2016 1208 sibi
2051 1153 2275 1208 missum
2311 1153 2459 1224 quod
2479 1150 2741 1207 abscondi
2772 1167 2928 1221 posse
2964 1151 3331 1221 crediderant,
3365 1152 3511 1225 quod

1909 1248 2093 1297 tamen
2138 1258 2168 1296 a
2214 1258 2350 1313 papa
2380 1241 2679 1298 Caelestino
2714 1240 2819 1296 sibi
2851 1240 3257 1308 transmissum,
3289 1240 3418 1313 quia
3444 1240 3511 1295 ad

1910 1329 2158 1386 eumdem
2192 1345 2275 1384 res
2297 1329 2577 1401 agebatur,
2611 1345 2806 1400 negare
2838 1330 3221 1401 nequiverant.

1982 1429 2053 1484 Et
2076 1444 2144 1483 ne
2175 1427 2242 1482 de
2274 1427 2374 1482 hac
2396 1426 2761 1499 appellatione
2792 1426 3140 1484 solummodo
3171 1426 3277 1481 sibi
3298 1433 3510 1498 aposto-

1911 1518 2030 1573 licae
2076 1518 2220 1573 sedis
2266 1518 2542 1573 antistites
2578 1525 2867 1586 testentur,
2917 1518 3083 1572 etiam
3131 1517 3511 1588 episcoporum

1912 1607 2084 1678 ipsius
2111 1606 2386 1663 Africanae
2416 1606 2716 1678 provincia:
2747 1607 3130 1663 testimonium
3160 1606 3507 1662 adhibeatur.

1911 1696 2143 1769 Scripsit
2167 1698 2315 1752 enim
2347 1697 2654 1770 Stephanus
2689 1698 3134 1770 archiepiscopus
3172 1715 3296 1754 cum
3329 1697 3512 1752 tribus

191 1770 332 1835 post.
364 1765 458 1836 ﬁn.
492 1764 670 1836 syn.),
706 1788 724 1811 ι
750 1766 884 1821 Nam
911 1775 973 1822 ut
998 1767 1172 1840 aliqui
1198 1775 1460 1839 tanquam
1491 1784 1521 1822 a
1549 1776 1659 1824 tuae
1680 1786 1801 1824 san-

1913 1785 2163 1841 conciliis
2200 1786 2279 1842 sic
2312 1787 2474 1857 (inter
2508 1787 2656 1857 epist.
2699 1788 2947 1858 Damas.)
2984 1806 2996 1843 :
3042 1810 3061 1833 ‹
3108 1787 3346 1842 Domino
3374 1785 3514 1841 bea-

197 1853 409 1910 ctitatis
436 1854 603 1910 latere
645 1854 963 1924 mittantur,
1011 1857 1166 1911 nulla
1212 1856 1530 1912 invenimus
1575 1858 1798 1913 Patrum

200 1944 422 2017 synodo
467 1944 851 2014 constitutum,
897 1946 1027 2019 quia
1064 1946 1205 2002 illud
1255 1946 1403 2019 quod
1448 1946 1661 2018 pridem
1707 1965 1803 2019 per

195 2032 450 2089 eumdem
475 2033 856 2106 coepiscopum
887 2042 1136 2090 nostrum
1168 2034 1518 2102 Faustinum,
1541 2045 1800 2110 tanquam
1829 2039 1832 2043 ’

197 2141 268 2180 ex
318 2130 469 2195 parte
517 2123 725 2180 Nicaeni
765 2124 993 2182 concilii
1041 2123 1243 2181 exinde
1290 2124 1695 2193 transmisistis,
1745 2126 1803 2181 in

195 2212 453 2268 conciliis
479 2213 789 2271 verioribus
817 2231 939 2287 quae
966 2214 1317 2286 accipiuntur
1342 2215 1576 2281 Nicani,
1608 2232 1639 2269 a
1669 2232 1804 2270 san-

193 2310 289 2358 cto
310 2301 519 2373 Cyrillo
539 2303 860 2376 coepiscopo
885 2312 1074 2360 nostro
1098 2302 1490 2359 Alexandrinae
1519 2303 1802 2372 Ecclesia,

193 2401 253 2448 et
280 2409 314 2448 a
343 2393 641 2449 venerabili
676 2393 864 2451 Attico
889 2394 1505 2466 Constantinopolitano
1534 2394 1800 2461 antistite,

192 2497 267 2536 ex
285 2481 606 2539 authentico
634 2481 836 2550 missis,
870 2499 990 2556 quae
1022 2482 1189 2538 etiam
1219 2489 1348 2538 ante
1380 2482 1486 2538 hoc
1517 2499 1612 2554 per
1640 2484 1801 2537 Inno-

196 2572 444 2628 centium
484 2571 865 2645 presbyterum
920 2578 974 2627 et
1020 2571 1341 2628 Marcellum
1383 2570 1798 2639 subdiaconem,

191 2676 295 2735 per
342 2677 481 2733 quos
525 2661 594 2717 ad
631 2677 732 2717 nos
779 2661 846 2717 ab
892 2660 972 2717 eis
1019 2659 1230 2716 directa
1274 2668 1424 2728 sunt,
1472 2659 1805 2716 venerabilis

191 2750 478 2805 memoriae
505 2749 794 2807 Bonifacio
821 2750 1077 2822 episcopo
1105 2749 1379 2806 decessori
1418 2755 1601 2804 vestro
1625 2764 1657 2802 a
1692 2763 1805 2802 no-

189 2837 286 2895 bis
312 2839 631 2896 transmissa
661 2847 789 2895 sunt
822 2858 834 2895 :
878 2840 936 2895 in
963 2840 1165 2913 quibus
1186 2841 1293 2896 tale
1322 2837 1533 2911 aliquid
1555 2854 1666 2893 non
1694 2853 1804 2909 po-

190 2931 410 2988 tuimus
438 2931 694 3003 reperire.
726 2958 746 2981 »
778 2934 854 2987 Et
881 2931 1029 2988 istud
1058 2949 1090 2988 a
1110 2948 1248 3005 papa
1272 2930 1616 2999 Innocentio,
1640 2945 1803 3002 quem

186 3033 566 3082 memoranter
592 3025 838 3098 recipitis
870 3026 1041 3096 (ep-ist.
1067 3025 1147 3095 2),
1186 3049 1205 3073 ι
1236 3023 1525 3095 Episcopis
1559 3040 1655 3095 per
1681 3024 1807 3079 Ma—

1912 1874 2127 1930 tissimo
2156 1891 2219 1929 ac
2241 1875 2545 1946 apostolico
2571 1876 2815 1933 culmine
2840 1876 3158 1945 sublimato,
3193 1884 3381 1932 sancto
3407 1892 3513 1948 pa-

1912 1964 1983 2018 tri
2022 1964 2245 2019 Patrum
2276 1966 2509 2020 Damaso
2537 1981 2706 2037 papae,
2732 1974 2786 2022 et
2802 1982 3018 2021 summo
3041 1968 3289 2021 omnium
3314 1982 3514 2036 praesu-

1913 2053 2029 2107 lum
2085 2052 2355 2123 pontifici,
2419 2053 2729 2125 Stephanus
2784 2054 3227 2125 archiepiscopus
3287 2052 3512 2109 concilii

1910 2140 2278 2208 Mauritaniae,
2308 2149 2361 2196 et
2388 2142 2637 2198 universi
2684 2142 2925 2215 episcopi
2957 2141 3023 2197 de
3053 2140 3236 2196 tribus
3263 2140 3516 2198 conciliis

1912 2230 2189 2285 Africanae
2219 2231 2544 2300 provinciae.
2576 2232 2780 2286 Notum
2808 2238 2999 2285 vestrae
3029 2230 3262 2286 facimus
3280 2229 3515 2284 beatitu-

1913 2316 2054 2383 dini,
2086 2316 2232 2388 quod
2263 2316 2485 2386 quidam
2514 2317 2710 2372 fratres
2760 2316 2817 2370 in
2863 2315 3105 2371 conﬁnio
3134 2315 3295 2370 nobis
3323 2316 3511 2387 positi,

1913 2406 2175 2479 quosdam
2210 2406 2405 2460 fratres
2435 2414 2669 2473 nostros,
2709 2405 3053 2471 venerabiles
3100 2403 3361 2459 videlicet
3388 2403 3516 2474 epi—

1913 2511 2125 2567 scopos,
2160 2494 2317 2550 vobis
2350 2494 2678 2550 inconsultis
2708 2510 2740 2548 a
2768 2493 2988 2565 proprio
3015 2491 3249 2563 dejicere
3279 2492 3513 2547 moliun-

1914 2591 2006 2638 tur
2038 2583 2228 2654 gradu,
2260 2599 2386 2638 cum
2417 2591 2610 2637 vestrae
2647 2583 2761 2637 sedi
2791 2582 3169 2654 episcoporum
3196 2579 3429 2651 judicia,
3456 2587 3515 2634 et

1913 2690 2257 2729 summorum
2297 2673 2463 2729 finem
2512 2672 3005 2729 ecclesiasticarum
3048 2670 3414 2743 negotiorum,
3456 2668 3513 2723 in

1912 2764 2122 2820 honore
2172 2763 2476 2819 beatissimi
2527 2762 2695 2830 Petri,
2747 2763 2969 2818 Patrum
3006 2760 3222 2817 decreta
3265 2758 3513 2813 omnium

1914 2861 2168 2909 cunctam
2244 2867 2521 2907 reservare
2577 2849 2909 2905 sententiam
2978 2844 3297 2917 inquirendi
3349 2862 3517 2901 reve-

1913 2942 2091 2998 rentia
2119 2942 2186 2997 de
2218 2942 2316 2997 Dei
2376 2940 2561 3007 rebus,
2612 2955 2749 3011 quas
2802 2938 2953 2993 omni
3007 2952 3139 2991 cura
3192 2943 3247 2991 et
3298 2935 3518 2991 sollici-

1914 3031 2107 3089 tudine
2137 3031 2426 3086 observare
2474 3028 2757 3084 debemus.
2805 3026 3042 3081 Maxime
3084 3025 3398 3096 vero’juste
3425 3023 3514 3078 de-

183 3112 487 3170 cedoniam
537 3114 859 3170 constitutis
909 3113 1183 3186 probabili
1242 3128 1336 3169 ore
1382 3112 1650 3185 scriptum
1697 3121 1799 3181 est,
1836 3151 1881 3210 Ο
1916 3121 2047 3176 bent
2076 3120 2145 3175 ab
2175 3120 2294 3191 ipso
2316 3119 2612 3190 praesulum
2642 3115 2945 3172 examinari
2970 3114 3173 3168 vertice
3193 3113 3513 3183 apostolico,

185 3202 379 3258 Grave
404 3219 513 3258 non
542 3204 721 3274 potuit
750 3202 930 3259 videri
970 3202 1235 3275 piissimis
1275 3201 1553 3258 mentibus
1582 3202 1800 3269 vestris,

186 3292 581 3365 cujuscunque
621 3293 906 3349 retractari
941 3291 1238 3364 judicium,
1271 3292 1401 3364 quia
1428 3292 1632 3348 veritas
1666 3307 1804 3346 exa-

180 3381 371 3455 gitata
395 3381 597 3452 saepius
626 3382 797 3453 magis
825 3380 1157 3453 splendescit
1185 3381 1244 3435 in
1274 3381 1475 3446 lucem,
1516 3387 1570 3433 et
1609 3379 1804 3451 perni—

176 3473 310 3531 cies
336 3481 590 3530 revocata
617 3473 685 3529 ad
702 3472 980 3544 judicium
1011 3472 1232 3542 gravius
1252 3481 1307 3527 et
1331 3472 1451 3527 sine
1480 3469 1806 3541 poenitentia

175 3561 616 3619 condemnatur.
659 3560 797 3614 Nam
846 3560 1061 3613 fructus
1106 3559 1335 3614 divinus
1380 3565 1483 3623 est,
1528 3557 1805 3629 justitiam

175 3654 400 3725 sapius
418 3648 712 3716 recenseri,
735 3648 930 3702 fratres
958 3647 1285 3704 charissimi.
1323 3672 1341 3696 ι
1383 3648 1652 3704 Praeterea
1680 3647 1805 3705 dico

171 3743 327 3817 quia
357 3740 508 3812 quod
541 3736 682 3792 illud
720 3737 1041 3794 Africanum
1083 3737 1322 3793 intentat
1365 3738 1663 3793 concilium
1707 3738 1801 3806 ita,
1850 3754 1859 3762 ·

186 3855 214 3877 α
250 3830 398 3886 Nam
430 3836 509 3883 ut,
534 3824 705 3898 aliqui
749 3833 1008 3899 tanquam
1056 3844 1087 3880 a
1136 3833 1247 3881 tuae
1288 3826 1596 3882 sanctitatis
1640 3826 1806 3881 latere

170 3922 513 3986 mittantur,
546 3917 701 3973 nulla
729 3917 1044 3973 invenimus
1080 3918 1307 3974 Patrum
1347 3918 1563 3989 synodo
1587 3917 1813 3972 consti-

172 4019 401 4076 tutum,
440 4033 458 4054 ι
508 4006 856 4063 mendacium
911 4015 1012 4074 est,
1061 4006 1191 4078 quia
1239 4006 1296 4059 in
1345 4006 1451 4061 hoc
1494 4005 1804 4061 Sardicensi

177 4098 436 4157 concilio
457 4096 599 4152 illud
621 4096 987 4153 constitutum
1016 4103 1098 4151 est
1128 4095 1208 4152 sic
1244 4096 1384 4165 (can.
1415 4096 1495 4166 7),
1530 4118 1548 4140 ιι
1578 4094 1734 4161 Quod
1756 4096 1805 4151 si

181 4190 244 4244 is
263 4186 359 4258 qui
373 4192 528 4256 rogat
541 4199 760 4241 causam
782 4199 937 4240 suam
969 4184 1171 4239 iterum
1192 4182 1395 4251 audiri,
1420 4180 1804 4254 deprecatione

185 4291 298 4331 sua
327 4274 565 4329 moverit
611 4272 926 4345 episcopum
973 4274 1304 4336 Romanum,
1334 4278 1398 4326 ut
1437 4286 1466 4326 e
1504 4270 1673 4325 latere
1704 4284 1805 4323 suo

186 4358 580 4438 presbyterum
611 4361 817 4429 mittat,
849 4360 956 4416 erit
983 4361 1045 4416 in
1072 4367 1342 4432 potestate
1379 4358 1621 4431 episcopi
1671 4356 1805 4430 quid

189 4453 339 4510 velit
366 4461 421 4509 et
451 4453 584 4525 quid
615 4452 868 4508 aestimet.
901 4476 920 4500 ι
958 4450 1118 4516 Quod
1139 4450 1305 4506 etiam
1332 4449 1649 4506 Sardicense
1678 4463 1805 4504 con-

191 4543 393 4599 cilium
423 4542 493 4598 ad
522 4557 717 4614 papam
750 4539 958 4596 Julium
1008 4538 1156 4594 inter
1203 4538 1417 4611 reliqua
1460 4538 1678 4608 scripsit
1727 4538 1808 4607 (in

187 4633 374 4705 princ.
416 4632 617 4703 epist),
666 4655 685 4677 ι
727 4630 1011 4701 Optimum
1058 4637 1114 4684 et
1162 4628 1323 4684 valde
1367 4627 1807 4699 congruentissi-

193 4743 353 4782 mum
381 4743 497 4782 esse
525 4726 823 4794 videbitur,
871 4726 917 4780 si
955 4725 1023 4780 ad
1056 4732 1244 4796 caput,
1294 4724 1351 4780 id
1398 4732 1498 4793 est,
1549 4723 1616 4778 ad
1660 4720 1805 4778 Petri

195 4817 435 4889 apostoli
447 4815 656 4884 sedem,
669 4816 738 4872 de
751 4814 986 4887 singulis
1006 4813 1312 4887 provinciis
1328 4813 1549 4870 Domini
1567 4813 1806 4868 referant

195 4907 569 4963 sacerdotes.»
600 4907 706 4963 Ubi
737 4907 929 4979 liquet,
961 4906 1108 4979 quod
1136 4906 1319 4963 Julius
1343 4906 1411 4963 de
1439 4905 1806 4979 appellatione

195 5012 268 5051 ex
296 4996 521 5052 Nicena
548 4995 770 5068 scripsit
809 4996 1043 5067 synodo,
1092 4996 1199 5052 hoc
1243 4997 1541 5053 concilium
1572 5011 1684 5051 non
1720 4997 1807 5050 la-

192 5086 392 5153 tuisse,
427 5093 481 5141 et
504 5086 711 5142 idcirco
740 5085 903 5141 Osius
925 5084 1143 5156 proprie
1163 5084 1330 5151 dixit,
1378 5107 1396 5131 ι
1420 5085 1635 5140 Placuit
1656 5083 1805 5157 quod

198 5174 257 5228 in
291 5175 411 5246 ipsa
438 5174 673 5246 synodo,
714 5200 732 5222 ι
774 5174 988 5230 scilicet
1034 5173 1275 5241 Nicmna,
1326 5172 1589 5244 placitum
1638 5172 1805 5228 fuisse

197 5264 537 5335 praedidicit,
568 5264 661 5321 cui
687 5272 742 5319 et
772 5264 887 5336 ipse
915 5262 1190 5319 interfuit.
1211 5266 1324 5318 Aut
1353 5260 1477 5334 quis
1506 5277 1698 5316 sanum
1725 5277 1803 5316 sa-

199 5356 361 5426 piens
389 5354 556 5411 ducat
585 5353 692 5409 fide
719 5353 972 5424 dignum,
1022 5369 1085 5407 ea
1129 5369 1249 5425 quae
1296 5367 1432 5423 papa
1479 5349 1806 5409 Coelestinus

199 5460 300 5516 per
328 5444 654 5500 Faustinum
690 5442 1009 5516 episcopum
1047 5443 1180 5514 ipsis
1217 5441 1495 5498 Africanis
1535 5440 1805 5513 episcopis

199 5549 271 5588 ex
290 5533 516 5588 Niczeno
545 5533 784 5589 concilio
810 5532 1115 5588 transmisit
1136 5532 1395 5603 capitula,
1423 5546 1533 5585 non
1563 5529 1803 5585 inveniri

202 5624 261 5678 in
277 5621 616 5679 authenticis
629 5622 657 5678 ’i
674 5630 729 5679 et
750 5638 860 5677 non
878 5622 1062 5694 potius
1074 5620 1142 5676 ab
1161 5617 1538 5676 Alexandrino
1557 5618 1646 5674 vel
1666 5617 1804 5675 Con-

1835 4501 1884 4559 D

1916 3210 2075 3281 cujus
2126 3216 2342 3263 vetusta
2387 3204 2708 3261 sollicitudo
2756 3211 2838 3258 est
2885 3210 2994 3257 tam
3045 3202 3186 3255 mala
3232 3199 3512 3267 damnare,

1914 3315 2077 3371 quam
2100 3300 2344 3353 relevare
2373 3293 2664 3351 laudanda.
2695 3290 2955 3363 Antiquis
2983 3289 3128 3345 enim
3162 3287 3364 3360 regulis
3392 3303 3515 3343 cen-

1913 3388 2079 3444 situm
2122 3394 2224 3453 est,
2256 3393 2318 3440 ut
2364 3382 2633 3455 quidquid
2673 3381 2873 3435 horum
2918 3378 3171 3451 quamvis
3200 3377 3259 3431 in
3291 3376 3518 3431 remotis

1912 3476 2001 3530 vel
2052 3476 2111 3529 in
2161 3472 2463 3543 longinquo
2513 3469 2706 3541 positis
2752 3474 3002 3538 ageretur
3047 3464 3370 3536 provinciis,
3403 3478 3515 3518 non

1916 3565 2069 3638 prius
2095 3561 2447 3617 tractandum
2477 3560 2567 3614 vel
2598 3556 2979 3630 accipiendum
3012 3556 3105 3624 sit,
3138 3555 3247 3610 nisi
3277 3555 3345 3610 ad
3368 3554 3510 3610 noti-

1913 3654 2046 3711 tiam
2077 3654 2235 3708 almae
2277 3649 2421 3706 sedis
2450 3655 2646 3704 vestrae
2690 3647 2884 3701 fuisset
2925 3644 3246 3713 deductum,
3294 3652 3357 3700 ut
3394 3642 3512 3714 ejus

1913 3743 2237 3800 auctoritate
2262 3740 2424 3812 juxta
2453 3738 2603 3812 quod
2645 3737 2839 3792 fuisset
2867 3734 3288 3807 pronuntiatum
3318 3734 3515 3788 ﬁrma-

1913 3841 2087 3898 retur,
2117 3839 2171 3887 et
2200 3830 2414 3904 reliqua
2444 3826 2727 3884 multoties
2756 3826 2906 3893 talia,
2940 3831 2994 3880 et
3022 3824 3111 3880 his
3140 3823 3366 3891 similia,
3398 3838 3517 3894 quae

1914 3938 2077 3993 super
2102 3921 2190 3977 his
2217 3926 2516 3977 constituta
2552 3926 2698 3973 sunt.
2731 3914 2963 3984 Quibus,
2998 3914 3045 3969 si
3075 3912 3271 3968 illicite
3309 3911 3515 3968 factum
3545 3949 3557 3961 .

1913 4019 2015 4078 est,
2050 4017 2112 4064 ut
2141 4024 2355 4080 semper
2384 4016 2579 4063 vestrae
2609 4006 2723 4062 sedi
2758 4001 3096 4061 consuetudo
3121 3999 3231 4055 fuit
3259 3999 3517 4054 festinan-

1912 4106 1997 4155 ter
2024 4098 2319 4164 occurrite,
2351 4104 2406 4151 et
2435 4114 2536 4168 pro
2566 4095 2655 4150 his
2686 4094 2926 4150 viriliter
2962 4099 3025 4147 ut
3075 4098 3227 4164 pater
3255 4105 3354 4162 pro
3382 4088 3518 4143 ﬁliis

1912 4194 2180 4244 certentes
2217 4192 2377 4247 state,
2426 4184 2567 4238 sicut
2614 4182 2753 4235 bene
2799 4180 2869 4235 ad
2915 4181 3101 4235 Iesum
3137 4179 3317 4234 filium
3369 4178 3522 4234 Sirac

1913 4277 2123 4333 dictum
2158 4281 2259 4341 est,
2288 4288 2451 4342 usque
2477 4270 2550 4325 ad
2575 4276 2796 4323 mortem
2847 4273 2987 4321 certa
3023 4283 3127 4337 pro
3173 4267 3424 4333 veritate,
3475 4273 3521 4320 et

1912 4379 2126 4435 semper
2158 4360 2431 4418 Dominus
2466 4359 2607 4414 Deus
2651 4362 2772 4411 tuus
2796 4352 3056 4426 pugnabit
3077 4368 3181 4423 pro
3232 4358 3277 4406 te
3320 4352 3513 4422 (Eccti.

1915 4453 2019 4524 ιν).
2055 4477 2073 4501 ι
2114 4452 2275 4517 Ecce,
2306 4448 2529 4504 domine
2573 4452 2747 4517 pater,
2795 4441 3059 4515 quoniam
3103 4439 3196 4495 isti
3243 4438 3519 4495 Africanae

1915 4542 2216 4615 provinciae
2244 4536 2487 4611 episcopi
2530 4542 2819 4601 testantur,
2869 4530 2998 4604 quia
3042 4530 3287 4602 antiquis
3315 4528 3520 4599 regulis

1913 4632 2187 4690 censitum
2214 4636 2313 4695 est,
2345 4625 2494 4699 quod
2525 4625 2611 4680 illi
2655 4623 2752 4678 alii
2781 4639 2837 4678 se
2868 4637 2977 4677 non
3018 4617 3294 4675 invenisse
3318 4617 3375 4672 in
3404 4618 3520 4672 ulla

1915 4721 2128 4793 synodo
2156 4717 2521 4775 constitutum
2551 4713 2833 4771 dixerunt.
2881 4709 3058 4782 Majus
3084 4709 3232 4765 enim
3272 4715 3373 4775 est,
3405 4721 3517 4762 non

1914 4810 2070 4882 prius
2098 4807 2469 4874 tractandum,
2501 4806 2590 4860 vel
2615 4800 2998 4875 accipiendum
3021 4799 3089 4855 de
3108 4798 3342 4854 summis
3360 4794 3521 4868 quid-

1913 4897 2039 4954 dam
2061 4893 2449 4954 ecclesiasticis
2466 4891 2724 4964 negotiis,
2744 4887 2998 4963 quamvis
3014 4894 3246 4960 agantur
3265 4886 3323 4941 in
3346 4900 3519 4941 remo-

1913 4987 1986 5043 tis
2015 4988 2101 5042 vel
2134 4986 2192 5042 iu
2221 4984 2524 5056 longinquo
2554 4980 2752 5054 positis
2776 4975 3100 5052 provinciis,
3132 4974 3239 5029 nisi
3271 4973 3336 5028 ad
3375 4969 3519 5026 noli-

1913 5076 2047 5131 tiam
2078 5077 2238 5131 almae
2267 5073 2411 5130 sedis
2440 5074 2697 5130 Romanae
2727 5071 2881 5142 prius
2923 5067 3246 5131 deducatur,
3295 5069 3356 5116 ut
3400 5058 3519 5131 ejus

1913 5162 2239 5221 auctoritate
2285 5160 2432 5233 quod
2478 5159 2868 5232 pronuntiatur
2915 5154 3189 5218 ﬁrmetur,
3237 5165 3402 5221 quam
3450 5146 3520 5204 de

1908 5252 2136 5325 judiciis
2164 5251 2548 5323 episcoporum
2583 5248 2652 5304 ab
2681 5246 2989 5319 appellante
3018 5242 3274 5315 episcopo
3302 5246 3516 5295 contra-

1913 5345 2079 5403 dictis
2101 5353 2389 5400 retractare
2407 5342 2787 5413 apostolicam,
2808 5338 2900 5394 cui
2920 5332 3239 5391 sollicitudo
3259 5331 3512 5387 omnium

1914 5433 2285 5491 Ecclesiarum
2318 5431 2612 5486 commissa
2643 5437 2744 5495 est,
2786 5424 3245 5503 prosecutionem.
3279 5421 3389 5476 Nec
3413 5419 3516 5475 iste

1915 5528 2378 5600 archiepiscopus,
2404 5540 2507 5579 nec
2532 5524 2649 5579 haec
2675 5520 2932 5587 concilia,
2964 5519 3032 5575 ad
3058 5519 3142 5574 sui
3176 5515 3402 5573 honoris
3425 5515 3514 5572 de-

1915 5617 2235 5673 trimentum
2258 5619 2542 5686 putarunt,
2570 5609 2669 5666 sed
2697 5609 2810 5664 imo
2839 5606 2907 5663 ad
2936 5605 3130 5662 salutis
3157 5611 3509 5677 augmentum
