4078 6182
557 240 687 295 1051

552 395 954 462 prospexerant
1000 387 1105 446 hoc
1159 387 1325 459 potiri
1368 385 1662 458 privilegio
1708 386 1965 443 Romanis
2012 381 2159 439 sedis
2191 383 2239 443 Α
2271 386 2418 452 gesta
2446 385 2575 433 sunt
2605 377 2770 433 faciat
2798 380 2915 431 rata
2944 389 3057 430 esse
3087 389 3205 446 quae
3237 375 3481 445 gesserit.
3528 400 3544 422 -

553 477 880 533 antistitem.
936 476 1180 545 Quorum
1223 475 1397 531 fateor
1437 472 1791 530 unanimitati
1832 471 2155 543 participem

557 576 796 624 vestram
820 567 1100 640 perambio
1123 565 1241 621 ﬁeri
1264 564 1669 637 paternitatem.
1693 562 1905 628 Quibus
1934 572 1986 618 et
2012 562 2153 618 idem

556 657 826 712 Damasus
862 672 999 727 papa
1036 672 1107 709 ex
1156 671 1252 710 sua
1281 654 1357 709 ita
1404 654 1472 710 ad
1514 655 1692 709 locum
1726 652 2004 723 rescripsit
2033 649 2160 723 epi-

554 748 696 804 stola
727 748 901 818 (epist.
946 746 999 815 4,
1032 747 1087 800 in
1116 746 1320 818 princ.)
1354 762 1369 803 ;
1420 770 1438 791 ι
1470 744 1653 813 Scitis,
1704 744 1904 799 fratres
1944 743 2160 799 charis-

554 838 705 905 simi,
739 837 1147 893 ﬁrmamentum
1177 853 1208 891 a
1237 837 1347 891 Deo
1375 834 1549 890 ﬁxum
1580 843 1634 891 et
1661 834 1965 902 immobile,
1998 841 2159 906 atque

556 926 781 984 titulum
833 924 1237 982 lucidissimum
1272 940 1495 980 suorum
1542 924 1909 992 sacerdotum,
1956 924 2010 979 id
2059 932 2160 992 est,

555 1015 807 1069 omnium
835 1014 1238 1086 episcoporum,
1267 1014 1624 1084 apostolicam
1654 1014 1837 1069 sedem
1877 1030 1992 1069 esse
2020 1031 2164 1070 con-

556 1103 830 1171 stitutam,
864 1113 919 1159 et
949 1104 1210 1159 verticem
1242 1102 1637 1160 Ecclesiarum.
1672 1103 1751 1158 Tu
1782 1118 1839 1159 es
1875 1103 2044 1171 enim,
2077 1104 2163 1160 si—

555 1200 647 1248 cut
691 1191 946 1247 divinum
997 1192 1318 1264 pronuntiat
1355 1193 1587 1248 verbum
1625 1193 1915 1261 veraciter,
1949 1194 2160 1260 Petrus,

556 1287 611 1333 et
658 1296 821 1349 super
879 1279 1286 1336 ﬁrmamentum
1348 1290 1503 1336 tuum
1552 1282 1811 1337 Ecclesia:
1868 1282 2159 1346 columnae,

556 1382 676 1437 quae
724 1367 966 1439 episcopi
1000 1367 1411 1440 intelliguntur,
1457 1369 1793 1425 conﬁrmatae
1838 1377 2013 1436 sunt;
2059 1380 2112 1425 et
2148 1390 2159 1427 :

556 1453 678 1508 Tibi
729 1457 909 1511 claves
953 1458 1107 1528 regni
1149 1457 1414 1513 castorum
1464 1457 1737 1525 commisi,
1788 1465 1949 1530 atque
2000 1458 2164 1529 ligare

555 1554 608 1600 et
660 1548 873 1602 solvere
951 1556 1298 1618 potestatem,
1372 1566 1492 1622 quae
1552 1549 1610 1603 in
1667 1549 1822 1605 caelis
1895 1558 2043 1618 sunt,
2113 1557 2166 1606 et

555 1650 676 1706 quae
752 1636 812 1690 in
897 1636 1059 1691 terris
1134 1639 1484 1711 promulgavi
1568 1640 1783 1709 (Matth.
1861 1642 2006 1709 xvr).
2084 1640 2165 1694 Tu

1594 230 1937 289 HINCMARI
1978 224 2461 287 LUGDUNENSIS
2498 223 2809 282 EPISCOPI

3725 227 3859 284 {052

3602 376 3673 431 Et
3723 376 3863 444 ideo,

2265 468 2487 524 domine
2530 476 2702 539 pater,
2752 465 2881 538 quia
2928 463 3209 519 immobile
3254 474 3332 520 est
3382 466 3614 520 istorum
3666 466 3865 521 funda-

2268 566 2539 623 mentum,
2570 573 2633 610 ac
2664 555 3051 610 inconcussum
3100 550 3732 627 inconcutiendumque,
3779 556 3864 610 in—

2268 645 2679 704 discutiendum
2703 662 2917 740 quoque
2940 654 3219 716 permanet
3240 644 3560 711 aediﬁcium,
3581 647 3642 701 in
3671 647 3864 719 quibus

2268 745 2350 793 est
2368 738 2596 808 spiritus
2609 733 2767 801 unus',
2790 733 3127 801 etunaﬁdes,
3153 750 3247 789 cor
3268 750 3437 789 unum
3461 742 3515 789 et
3537 737 3727 792 anima
3746 755 3863 793 una.

2270 828 2453 882 Nolite
2483 831 2768 891 attentare,
2802 824 2927 896 quia
2960 839 3066 876 non
3102 822 3351 892 poteritis
3391 821 3662 891 stabilire,
3712 834 3772 881 ut
3818 844 3866 882 ea

2271 933 2392 989 quae
2423 918 2513 971 isti
2544 916 2661 971 suis
2690 920 2991 968 sanxerunt
3030 911 3285 977 decretis,
3319 913 3519 968 vestris
3562 916 3864 972 moliamini

2270 1008 2519 1063 resistere
2551 1005 2839 1078 repagulis.
2873 1003 3141 1059 Ordinata
3169 1010 3249 1058 est
3278 1004 3427 1057 enim
3448 1003 3713 1074 charitas,
3742 1010 3865 1078 poti-

2273 1097 2410 1151 mini
2433 1096 2488 1150 in
2510 1112 2571 1150 ea
2592 1102 2645 1149 et
2661 1109 2884 1166 peream
2902 1090 3228 1146 auctoritate
3239 1090 3717 1165 archiepiscOpali,
3734 1097 3864 1152 sicut

2273 1185 2583 1257 apostolicae
2609 1184 2753 1239 sedis
2774 1182 3009 1248 decreta,
3036 1188 3089 1235 et
3121 1196 3357 1236 canones
3383 1198 3572 1238 eorum
3603 1184 3868 1255 astipula-

2275 1277 2422 1329 tione
2454 1273 2690 1328 roborati
2725 1271 3029 1343 prastigunt,
3062 1277 3123 1323 ut
3154 1270 3349 1324 vestris
3378 1278 3504 1340 apta
3534 1275 3868 1347 coepiscopis

2274 1363 2449 1419 forma
2473 1362 2799 1433 simpliciter
2816 1360 2957 1416 sitis.
2985 1358 3329 1430 Episcopalis
3345 1358 3584 1430 dignitas
3603 1361 3657 1416 in
3680 1363 3867 1420 diebus

2277 1452 2475 1508 vestris
2500 1460 2681 1507 vestra
2732 1450 2997 1522 sapientia
3037 1464 3148 1503 non
3195 1447 3444 1515 vilescat,
3492 1449 3786 1521 singularis
3826 1464 3867 1510 et

2276 1544 2605 1601 universalis
2631 1540 2944 1611 apostolicae
2972 1538 3117 1594 sedis
3148 1544 3387 1608 potestas
3416 1540 3560 1595 nulli
3585 1556 3868 1612 compare-

2276 1644 2388 1702 tur,
2420 1650 2519 1689 nec
2551 1632 2775 1691 moleste
2799 1630 2934 1684 ferat
2955 1629 3242 1699 quisquam
3272 1627 3376 1682 sibi
3400 1644 3519 1683 eam
3541 1645 3658 1685 esse
3682 1633 3867 1702 praela-

559 1725 973 1795 profamtorum
1023 1727 1337 1795 hominum,
1386 1736 1440 1784 et
1491 1728 1863 1783 membrorum
1914 1746 2160 1784 meorum
2196 1739 2243 1800 Β
2274 1732 2407 1790 tam,
2442 1722 2538 1795 qui
2570 1739 2601 1776 a
2629 1720 2743 1777 suis
2768 1718 3139 1775 obedientiam
3184 1715 3423 1773 subditis
3470 1719 3707 1790 requirit
3742 1737 3756 1775 :
3788 1722 3865 1776 sed

558 1814 906 1887 maximeque
950 1832 1197 1872 meorum
1244 1818 1648 1889 discipulorum
1687 1818 1885 1874 existis
1915 1830 1976 1876 ut
2002 1820 2166 1893 prin-

554 1918 683 1974 ceps
709 1911 763 1958 et
792 1903 985 1959 doctor
1018 1904 1345 1961 orthodoxae
1373 1914 1427 1960 et
1460 1907 1832 1962 immaculata
1859 1906 2011 1975 ﬁdei,
2055 1924 2164 1963 cu-

550 1989 642 2059 jus
671 1992 793 2046 vice
826 1991 989 2047 hodie
1018 1995 1193 2064 gratia
1222 1996 1320 2049 Dei
1353 1993 1623 2065 legatione
1649 2012 1747 2064 pro
1770 1994 1999 2050 Christo
2029 1995 2167 2050 fun-

555 2079 756 2150 gimur,
810 2089 863 2136 et
908 2098 1098 2136 omnes
1146 2082 1311 2153 hujus
1359 2092 1557 2137 sanctae
1588 2083 1731 2138 sedis
1782 2084 2038 2155 priesules
2069 2085 2163 2141 vi-

554 2190 671 2232 cem
702 2187 1002 2245 gesserunt,
1037 2186 1233 2249 gerunt
1286 2185 1339 2234 et
1388 2189 1593 2250 gerent.
1638 2180 1766 2236 Ideo
1814 2182 2000 2237 omnia
2044 2198 2164 2253 quae

558 2263 884 2322 innotuistis
913 2284 1028 2324 non
1058 2268 1220 2324 licere
1252 2268 1589 2339 mandarem,
1630 2269 1739 2325 nisi
1766 2287 1864 2327 vos
1892 2279 2004 2326 tam
2039 2273 2164 2343 ple-

555 2354 700 2409 niter
722 2356 1024 2413 instructos
1053 2374 1168 2413 esse
1199 2358 1417 2426 scirem,
1450 2357 1593 2431 quod
1626 2368 1824 2418 cuncta
1852 2377 2015 2432 super
2044 2361 2161 2433 qui-

554 2441 658 2499 bus
682 2446 992 2514 consulitis,
1022 2446 1219 2503 illicita
1249 2463 1368 2502 esse
1401 2464 1512 2503 non
1547 2448 1833 2505 dubitetis.
1880 2450 2163 2507 Discutere

556 2547 793 2605 namque
842 2535 1144 2607 episcopos,
1192 2542 1245 2590 et
1293 2551 1635 2590 summorum
1667 2534 2160 2592 ecclesiasticarum

555 2635 745 2677 causas
780 2625 1125 2693 negotiorum
1157 2624 1584 2695 metropolitano
1614 2640 1725 2680 una
1752 2642 1876 2680 cum
1906 2625 2161 2682 omnibus

555 2707 670 2763 suis
696 2712 1278 2781 comprovincialibns,
1312 2713 1388 2768 ita
1436 2722 1498 2769 ut
1526 2730 1687 2769 nemo
1714 2730 1783 2770 ex
1812 2714 1891 2770 eis
1916 2715 2077 2783 desit,
2108 2723 2162 2772 et

553 2813 745 2851 omnes
776 2798 835 2853 in
863 2799 1205 2869 singulorum
1237 2802 1576 2858 concordent
1600 2804 1853 2874 negotiis,
1878 2805 2024 2862 licet.
2055 2806 2159 2862 Sed

553 2883 794 2938 diﬁinire
850 2901 1062 2954 eorum,
1129 2895 1294 2960 atque
1364 2891 1862 2947 ecclesiasticarum
1917 2911 2159 2950 summas

553 2972 801 3043 querelas
830 2988 1140 3039 causarum,
1176 2976 1262 3029 vel
1311 2976 1575 3033 damnare
1619 2979 1924 3053 episcOpos,
1955 2983 2157 3055 absque

2276 1812 2619 1884 patientiam,
2649 1826 2812 1882 quam
2842 1826 2872 1864 a
2900 1808 3018 1864 suis
3045 1815 3345 1878 exspectat,
3392 1824 3507 1863 eam
3545 1810 3862 1880 singularem

2275 1918 2307 1957 a
2333 1902 2570 1957 Domino
2601 1917 2711 1955 non
2735 1899 2803 1953 ab
2824 1898 2935 1953 alio
2961 1898 3183 1969 praelato
3214 1898 3502 1969 quisquam
3535 1899 3863 1969 expendat,a

2276 1993 2431 2047 nullo
2461 1991 2781 2046 detrahatur
2811 1989 2878 2045 de
2906 1988 3066 2060 cujus
3098 2004 3323 2043 munere
3360 1989 3515 2043 venit
3553 1997 3618 2044 ut
3649 1992 3861 2062 quisque

2275 2082 2420 2152 quod
2437 2081 2601 2137 habet
2615 2080 2885 2150 acceperit
2899 2098 2911 2146 ;
2930 2080 3124 2134 anullo
3138 2079 3203 2134 de
3216 2077 3331 2134 suis
3340 2078 3516 2149 judici
3528 2079 3597 2149 isj
3608 2080 3858 2148 adiretur,

2274 2188 2394 2244 quae
2420 2173 2486 2228 de
2517 2173 2669 2229 omni
2706 2172 2951 2228 Ecclesia
2992 2173 3073 2227 fas
3114 2170 3278 2226 habet
3300 2169 3611 2240 judicandi,
3645 2180 3698 2227 et
3726 2172 3863 2243 cujus

2268 2261 2540 2333 judicium
2572 2278 2603 2316 a
2633 2262 2787 2317 nullo
2811 2262 3124 2316 mortalium
3150 2261 3278 2317 licet
3301 2262 3608 2318 retractari.
3632 2265 3784 2319 Unus
3800 2272 3861 2319 est

2274 2351 2643 2432 omnipotens,
2678 2351 2774 2422 qui
2801 2366 2920 2406 eam
2949 2350 3169 2422 speciali
3199 2366 3299 2405 suo
3322 2352 3627 2406 reservavit
3642 2352 3857 2421 judicio.

2272 2452 2482 2521 Itaque,
2514 2448 2737 2505 domine
2764 2456 2937 2519 pater,
2968 2446 3276 2518 dignemini
3307 2447 3599 2503 sinceriter
3637 2449 3844 2503 animad

2271 2550 2484 2595 vertere
2512 2555 2613 2595 cur
2642 2538 2774 2594 talia
2801 2536 2960 2592 vobis
2977 2536 3122 2592 dico.
3148 2537 3333 2590 Primo
3362 2537 3490 2609 quia
3513 2537 3760 2593 minatur
3778 2542 3861 2594 Do

2273 2628 2475 2684 minus.
2513 2627 2615 2694 Qui
2653 2634 2799 2682 amat
2826 2634 3029 2697 patrem
3056 2627 3177 2697 plus
3217 2642 3377 2695 quam
3417 2612 3518 2690 uie,
3556 2644 3666 2681 non
3693 2634 3769 2682 est
3802 2646 3861 2681 ne

2270 2720 2695 2790 dignus(Matth.
2720 2719 2803 2790 x).
2830 2719 2974 2790 Ergo
2996 2734 3172 2773 unum
3194 2734 3391 2788 corpus
3412 2734 3607 2773 sumus
3630 2719 3689 2774 in
3711 2720 3859 2776 Chri-

2268 2820 2372 2879 sto,
2423 2812 2561 2865 alter
2603 2809 2831 2864 alterius
2879 2807 3142 2863 membra.
3188 2807 3293 2863 Sed
3330 2815 3385 2862 et
3431 2817 3598 2880 caput
3632 2818 3857 2866 nostrum

2269 2900 2523 2958 Christus
2542 2910 2642 2968 est,
2666 2910 2720 2956 et
2743 2909 2895 2971 pater
2922 2907 3111 2955 noster
3135 2899 3387 2956 Christus
3415 2909 3517 2967 est,
3543 2910 3598 2956 et
3625 2903 3861 2975 magister

2267 3002 2452 3048 noster
2482 2992 2626 3048 idem
2661 3000 2714 3047 et
2744 3008 2888 3047 unus
2916 2998 2996 3047 est
3026 2991 3297 3058 Christus,
3328 2991 3423 3063 qui
3456 2992 3682 3047 ordinat
3702 2994 3857 3049 chari-

554 3065 725 3160 hujus
747 3069 891 3124 sedis
908 3071 1238 3160 auctoritate
1279 3071 1511 3129 minime
1556 3072 1706 3142 licet,
1760 3090 1923 3147 quam
1968 3094 2157 3134 omnes
2188 3101 2231 3160 ο
2266 3090 2455 3147 tatem,
2481 3088 2536 3136 et
2556 3082 2670 3151 ipse
2688 3080 2969 3136 ordinavit
2989 3097 3106 3136 eam
3128 3081 3185 3136 in
3206 3080 3365 3135 beato
3386 3082 3572 3148 Petro,
3601 3083 3854 3138 dicensei:

551 3158 824 3230 appellare
872 3158 919 3213 si
965 3175 1182 3217 necesse
1230 3162 1416 3232 fuerit,
1464 3171 1519 3219 et
1568 3163 1685 3236 ejus
1732 3164 1916 3223 fulciri
1947 3168 2158 3224 auxilio

550 3253 785 3318 oportet.
819 3248 977 3315 Nam,
1011 3257 1074 3305 ut
1102 3250 1297 3320 nostis,
1331 3253 1607 3324 synodum
1639 3252 1760 3311 sine
1779 3254 1897 3326 ejus
1926 3258 2159 3312 auctori-

552 3343 662 3392 tate
700 3336 819 3393 ﬁeri
852 3355 963 3397 non
994 3348 1075 3396 est
1120 3342 1457 3400 catholicum
1503 3362 1515 3400 :
1565 3361 1664 3403 nec
1709 3347 2017 3418 episcopus,
2048 3350 2157 3408 nisi

549 3426 607 3485 in
638 3431 884 3502 legitima
912 3434 1147 3505 synodo,
1179 3445 1233 3491 et
1267 3453 1367 3493 suo
1388 3446 1633 3509 tempore
1662 3443 1965 3510 apostolica
2000 3459 2157 3499 voca-

547 3518 698 3574 tione
735 3531 1079 3594 congregata,
1129 3524 1367 3581 diﬁinite
1415 3527 1666 3583 damnari
1712 3537 1892 3600 potest
1928 3549 1939 3587 :
1981 3547 2157 3603 neque

548 3612 663 3668 ulla
696 3627 936 3683 unquam
970 3614 1208 3669 concilia
1255 3624 1372 3671 rata
1411 3617 1686 3688 leguntur,
1730 3636 1850 3690 quas
1882 3636 1995 3675 non
2025 3635 2156 3686 sunt

548 3700 687 3755 fulta
715 3701 1015 3770 apostolica
1044 3703 1387 3760 auctoritate.
1434 3729 1450 3751 -

618 3796 722 3852 Hic
749 3797 1129 3856 animadverto
1174 3801 1321 3872 quod
1365 3802 1424 3857 in
1468 3805 1923 3875 quaternionibus
1954 3810 2151 3864 vestris

507 3884 986 3958 .scripsistis-ita,
1038 3912 1056 3937 ι
1085 3889 1334 3960 Epistola
1382 3907 1512 3945 vero
1563 3893 1761 3948 Felicis
1814 3910 1883 3949 ex
1928 3898 2156 3967 epistola

544 3974 677 4030 Julii
704 3976 901 4046 pendet
930 3995 941 4031 :
969 3977 1062 4032 hic
1080 3977 1228 4031 enim
1253 3986 1335 4033 est
1367 3995 1485 4034 mos
1512 3983 1827 4051 apostolicae
1855 3985 2000 4040 sedis
2024 4003 2153 4057 pono

543 4062 810 4139 tiﬁcibus,
834 4071 897 4118 ut
920 4064 1086 4120 verba
1112 4063 1458 4124 decessurum
1491 4086 1712 4126 suorum
1748 4074 1900 4145 quasi
1934 4076 2155 4148 propria

544 4156 603 4211 in
631 4156 745 4210 suis
777 4166 980 4229 ponant
1009 4159 1277 4231 epistolis,
1307 4161 1451 4218 sicut
1497 4164 1589 4236 qui
1626 4166 1758 4236 legit
1805 4168 2067 4239 intelligit
2120 4194 2137 4217 ι

543 4245 785 4301 Omnino
814 4247 1163 4304 verissimum
1203 4256 1304 4315 est,
1347 4251 1476 4322 quia
1526 4252 1620 4307 ille
1655 4270 1771 4309 mos
1804 4263 1885 4310 est
1914 4265 2150 4329 aposto-

543 4332 662 4389 lica
691 4335 835 4391 sedis
879 4335 1257 4408 pontiﬁcibus,
1306 4347 1370 4395 ut
1416 4339 1582 4396 verba
1625 4340 1974 4399 decessorum
2009 4361 2151 4400 suo-

540 4438 684 4523 rum,
718 4425 870 4523 quasi
901 4429 1121 4498 propria
1148 4427 1207 4523 in
1255 4429 1372 4484 suis
1414 4431 1917 4523 ponant__epistolis.
1954 4434 2023 4488 Et
2052 4433 2148 4488 id-
2178 4461 2225 4523 D

538 4513 687 4569 circo
724 4516 899 4586 magis
940 4523 996 4572 et
1044 4519 1264 4589 penitus
1294 4535 1549 4577 consone.
1593 4519 1721 4589 sibi,
1774 4529 1826 4577 et
1874 4524 2059 4578 minus
2086 4540 2149 4581 ac

538 4600 681 4657 nihil
711 4601 947 4660 dissonas
974 4606 1339 4662 inveniuntur
1366 4609 1684 4678 apostolicae
1710 4611 1854 4665 sedis
1875 4612 2144 4683 epistolas,

537 4706 639 4748 nec
667 4694 1091 4751 constitutiones
1130 4712 1319 4752 eorum
1351 4698 1409 4753 in
1435 4700 1623 4771 aliquo
1644 4700 1701 4755 in
1731 4716 1847 4756 sese
1877 4701 2145 4767 adversae,

537 4782 811 4837 scribente
840 4798 909 4838 ex
940 4783 1045 4841 hoc
1064 4785 1252 4842 eadem
1275 4786 1607 4860 Symmacho
1632 4806 1768 4861 papa
1788 4790 1855 4845 ad
1879 4791 2145 4848 {Eonium

536 4870 851 4943 episcopum
885 4873 1058 4944 (epist.
1096 4877 1173 4946 1).
1221 4876 1438 4943 Quanta
1485 4879 1633 4934 enim
1670 4878 1894 4934 vicariis
1925 4878 2145 4936 beatis-

534 4958 661 5015 simi
700 4960 847 5017 Petri
896 4963 1127 5034 apostoli
1168 4964 1513 5037 judicabitur
1562 4972 1681 5022 esse
1716 4969 2044 5037 reverentia,
2096 4970 2141 5025 si

533 5064 659 5122 quas
694 5051 752 5106 in
810 5051 1117 5109 sacerdotio
1174 5055 1521 5127 principium,
1573 5052 1780 5111 eisdem
1835 5064 2141 5113 transeun-

531 5135 683 5194 tibus
729 5138 1107 5197 dissolvantur
1153 5160 1165 5197 :
1222 5143 1353 5215 quia
1403 5143 1467 5198 ad
1518 5144 1691 5215 ipsam
1742 5155 2140 5203 sacrosanctam

531 5229 855 5300 religionem
912 5230 1188 5287 credimus
1241 5232 1536 5302 pertinere,
1582 5233 1741 5306 cujus
1793 5236 1976 5292 omnis
2033 5253 2142 5310 po-

528 5321 694 5373 testas
766 5318 1115 5391 infringitur,
1192 5319 1298 5376 nisi
1368 5321 1629 5378 universa
1700 5334 1958 5397 perpetua
2028 5327 2139 5387 sint

529 5418 651 5473 quia
706 5408 874 5461 semel
928 5423 959 5461 a
1012 5408 1234 5463 Domini
1304 5411 1675 5467 sacerdotibus
1736 5421 2057 5468 statuuntur
2113 5433 2125 5469 :

528 5491 675 5559 quod
738 5494 818 5549 ita
871 5497 1191 5569 contingere
1264 5499 1490 5570 poterit,
1545 5501 1591 5556 si
1649 5502 1980 5559 successoris
2032 5518 2138 5559 ac-

531 5576 680 5633 tibus
729 5594 841 5635 non
886 5583 1145 5643 tribuerit
1187 5586 1503 5645 ﬁrmitatem
1550 5597 1603 5645 et
1661 5590 1969 5646 roboranda
2014 5607 2135 5664 qum

2278 3174 2357 3228 Tu
2385 3189 2435 3225 es
2462 3172 2737 3238 Petrm,et
2762 3172 3063 3242 superhanc
3073 3178 3275 3242 petram
3294 3172 3566 3241 aediﬁcabo
3593 3175 3857 3228 Ecclesium

2268 3277 2435 3315 meam
2454 3261 2674 3328 (Matth.
2700 3261 2842 3329 xw),
2867 3268 2928 3315 ut
2957 3259 3338 3315 zediﬁcationis
3358 3269 3564 3315 nostm
3592 3262 3858 3317 institutor

2270 3348 2384 3420 ipse
2411 3349 2469 3404 in
2500 3350 2620 3421 ipso
2648 3357 2897 3405 nostrum
2927 3355 3065 3406 esset
3095 3349 3514 3404 fundamentum
3549 3358 3605 3405 et
3633 3361 3811 3423 caput,
3833 3367 3857 3404 ι

2269 3454 2378 3510 quo
2427 3455 2537 3494 non
2585 3447 2799 3510 oportet
2838 3437 3134 3502 dissidere;
3183 3446 3237 3493 et
3277 3438 3650 3510 quodcunque
3692 3456 3854 3494 mem-

2266 3528 2429 3584 brum
2455 3528 2695 3601 aliquem
2720 3536 2917 3607 contra
2939 3527 3043 3583 hoc
3069 3536 3230 3598 caput
3255 3527 3745 3596 senseritinsilire,
3760 3544 3853 3583 non

2267 3625 2462 3689 potest,
2493 3633 2595 3674 nec
2623 3617 2807 3685 debet,
2842 3625 2952 3672 tam
2984 3632 3083 3688 pro
3118 3631 3175 3672 se
3205 3632 3367 3688 quam
3398 3633 3500 3688 pro
3527 3618 3853 3673 confessione

2266 3715 2491 3781 paterna
2522 3724 2631 3764 non
2660 3708 2970 3764 condolere.

2336 3795 2587 3851 Secundo
2618 3812 2782 3865 cogor
2810 3796 3086 3852 obnoxius
3115 3793 3397 3851 visceralis
3424 3793 3720 3857 ﬁlio.litati
3740 3796 3852 3851 atie-

2262 3885 2483 3953 ctionis,
2539 3902 2666 3942 cum
2714 3886 2901 3942 debita
2945 3886 3232 3952 ﬁdelitate,
3284 3885 3636 3955 paternitatis
3677 3895 3851 3941 vestrae

2262 3978 2569 4047 devotioni,
2612 3980 2757 4051 quod
2789 3978 2960 4034 timeo
2993 3978 3152 4033 vobis
3186 3977 3432 4034 accidere
3478 3993 3657 4048 posse,
3707 3979 3850 4034 etiam

2263 4076 2449 4123 mutus
2489 4068 2801 4124 blatterare.
2837 4065 3039 4123 Verum
3070 4066 3229 4122 vobis
3263 4066 3407 4132 dico,
3456 4066 3694 4121 necdum
3725 4067 3848 4138 copi

2262 4159 2649 4229 quaterniones
2679 4164 2889 4212 vestros
2920 4156 2978 4211 in
3004 4156 3286 4210 Attiniaco
3307 4154 3442 4209 mihi
3467 4170 3499 4209 a
3520 4156 3679 4210 vobis
3708 4155 3849 4211 datos

2261 4263 2357 4318 per
2393 4248 2608 4319 singula
2636 4260 2971 4318 percurrere,
3002 4245 3062 4300 in
3093 4244 3218 4299 aliis
3252 4243 3389 4299 mihi
3426 4243 3726 4299 admodum
3754 4259 3853 4298 ne-

2258 4336 2508 4392 cessariis
2536 4344 2963 4407 praeoccupatus.
3011 4335 3114 4390 Sed
3158 4335 3343 4406 aliqua
3389 4334 3727 4405 prospiciens
3762 4335 3850 4387 in-

2257 4428 2385 4482 veni
2413 4426 2480 4482 de
2512 4426 2597 4481 his
2626 4442 2745 4498 quae
2776 4425 3015 4497 praemisi
3041 4433 3236 4481 contra
3266 4425 3581 4497 apostolica;
3611 4424 3851 4480 auctori-

2256 4518 2384 4573 tatis
2412 4516 2787 4572 autonomiam
2822 4533 2919 4571 vos
2950 4514 3258 4588 disputasse
3292 4533 3304 4570 :
3346 4514 3439 4569 sed
3485 4522 3540 4569 et
3584 4524 3769 4571 contra
3799 4530 3854 4569 ea

2258 4622 2378 4677 quas
2408 4605 2564 4660 vobis
2584 4613 2639 4659 et
2666 4605 2825 4662 nobis
2855 4621 2886 4660 a
2909 4604 3209 4660 venerabili
3242 4619 3381 4675 papa
3406 4603 3631 4658 Nicolao
3658 4604 3854 4675 scripta

2257 4702 2404 4762 sunt,
2439 4694 2771 4751 mordaciter
2801 4695 3057 4765 perplura
3095 4693 3409 4765 protulisse,
3442 4700 3498 4747 et
3527 4708 3643 4764 quae
3674 4692 3852 4756 nobis,

2255 4784 2513 4839 videlicet
2538 4784 2796 4839 omnibus
2826 4782 3123 4838 Gallicanis
3150 4781 3421 4853 episcopis
3452 4780 3751 4837 inculcavit
3779 4795 3858 4835 ne-

2252 4873 2497 4937 tinenda,
2523 4874 2921 4945 reiragabiliter
2952 4874 3233 4938 refutasse,
3265 4873 3333 4928 de
3358 4872 3561 4944 quibus
3587 4872 3643 4926 in
3674 4871 3858 4926 rotula

2253 4978 2416 5036 quam
2456 4960 2615 5017 vobis
2644 4961 2926 5018 Attiniaco
2955 4961 3081 5018 dedi
3114 4967 3433 5015 summatim
3463 4958 3682 5031 scripsi.
3714 4957 3851 5012 Cum

2250 5062 2434 5110 tamen
2466 5054 2852 5109 memorandus
2897 5053 3044 5108 idem
3088 5069 3224 5125 papa
3261 5052 3522 5109 Nicolaus
3552 5051 3630 5107 nil
3659 5049 3726 5106 de
3756 5064 3857 5104 suo

2250 5146 2403 5218 quasi
2432 5161 2575 5200 nova
2609 5153 2873 5211 statuens,
2905 5144 3001 5201 sed
3044 5160 3113 5199 ex
3158 5144 3303 5201 beati
3342 5145 3543 5199 Leonis
3574 5159 3719 5214 papa
3746 5156 3854 5194 au—

2249 5235 2522 5303 ctoritate,
2579 5251 2641 5291 ac
2697 5234 2899 5290 Gelasii
2948 5234 3315 5301 institutione,
3366 5249 3601 5305 quorum
3650 5239 3701 5286 et
3757 5245 3853 5283 vos

2247 5322 2462 5379 decreta
2509 5324 2651 5378 inter
2698 5332 2879 5379 vestra
2930 5340 3071 5394 saepe
3126 5322 3330 5393 ponitis
3380 5323 3583 5391 scripta
3614 5330 3844 5389 quasque

2247 5414 2515 5485 explicuit
2556 5421 2870 5485 prosecutus
2922 5414 3015 5467 sit.
3062 5411 3270 5466 Ponam
3321 5411 3492 5480 igitur
3536 5410 3623 5464 hic
3676 5408 3851 5475 ipsam

2246 5501 2365 5573 ejus
2416 5503 2699 5575 epistolam
2749 5500 2908 5558 nobis
2955 5500 3243 5569 directam,
3294 5509 3348 5555 et
3393 5500 3461 5554 ad
3517 5498 3618 5551 hoc
3667 5492 3854 5564 perti-

2247 5599 2467 5648 nentem
2497 5592 2802 5663 negotium,
2828 5608 2992 5665 quam
3020 5590 3238 5649 cunctis
3282 5590 3427 5653 sicut
3469 5588 3585 5659 ipse
3627 5580 3855 5640 consti-
