4056 6190
221 264 365 322 1053

1382 260 1743 320 OPUSCULA
1780 264 1872 320 ET
1910 264 2295 321 EPISTOL/E.

3389 270 3528 328 10M

213 417 331 476 tuit
364 414 657 474 tenendam
690 431 754 472 ac
795 415 1191 473 observandam
1241 432 1352 473 non
1400 423 1650 483 cunctor,
1692 415 1821 474 licet
1849 418 1899 477 Δ
1928 432 2071 474 sum.
2104 416 2508 475 Tantummodo
2537 417 2642 475 hoc
2670 418 2881 474 interea
2908 418 3107 489 pando,
3149 433 3213 476 eo
3249 422 3394 493 quod
3424 438 3523 480 vos

212 507 419 565 dicat‘s
434 521 558 561 eum
582 504 857 561 invenisse
869 507 1001 578 quid
1014 505 1468 563 diceretJnvenit
1484 504 1632 560 enim
1652 513 1705 561 et
1720 515 1825 563 rite

211 598 450 669 dignum
481 594 656 660 dictu,
691 593 905 649 invenit
929 595 1063 667 quid
1081 595 1305 660 diceret,
1340 603 1393 650 et
1424 596 1569 668 quod
1590 594 1737 650 dixit
1755 594 1823 650 ab

211 687 478 745 omnibus
492 688 761 743 custodiri
777 688 957 744 debet.
978 689 1047 743 Et
1062 687 1321 760 quoniam
1344 688 1503 744 nobis
1525 687 1823 745 Gallicanis

210 774 478 830 omnibus
507 775 835 846 generaliter
858 776 1175 832 transmissa
1199 784 1279 831 est
1308 775 1598 848 episcopis,
1634 775 1823 829 incre-

209 880 350 936 pans
382 880 484 919 nos
501 880 565 919 ac
586 862 654 919 de
685 864 980 935 increpatis
1006 865 1303 931 instruens,
1337 871 1391 918 et
1421 880 1519 936 ego
1550 864 1701 919 illam
1728 879 1823 934 per

210 969 313 1007 vos
342 969 443 1008 nec
473 951 664 1007 audire
695 968 795 1008 nec
820 953 1065 1024 accipere
1098 953 1292 1019 merui,
1326 952 1479 1007 velut
1518 969 1619 1008 nec
1648 953 1819 1007 ullam

208 1058 283 1098 ex
311 1040 635 1097 authentico
656 1041 714 1095 in
740 1040 835 1095 has
856 1049 1036 1112 partes
1062 1042 1412 1109 destinatam,
1440 1041 1582 1097 sicut
1612 1058 1731 1097 eam
1751 1040 1819 1096 ab

208 1130 337 1185 aliis
365 1129 605 1193 obtinui,
645 1129 802 1184 vobis
844 1130 1129 1186 occasione
1179 1147 1276 1203 pro
1314 1147 1371 1186 re
1408 1147 1519 1186 non
1549 1129 1616 1185 ab
1648 1147 1705 1186 re
1734 1148 1816 1187 ac-

208 1229 389 1290 cepta,
417 1218 601 1277 hicex
634 1219 847 1289 integro
863 1219 1153 1289 descripsi,
1176 1228 1450 1291 quatenus
1478 1221 1819 1290 cognoscatis

211 1326 300 1364 me
326 1310 498 1380 ipsius
526 1308 855 1381 probitatem
886 1309 1107 1380 penitus
1135 1311 1321 1365 debita
1350 1310 1648 1366 devotione
1674 1325 1816 1365 asse-

211 1408 397 1454 cutam
424 1397 703 1469 amplecti,
730 1413 794 1452 ac
822 1398 923 1454 etsi
956 1413 1075 1453 eam
1111 1398 1273 1454 aliter
1311 1397 1526 1454 habetis
1554 1398 1812 1470 efﬂagito,

210 1489 299 1543 vel
341 1503 446 1558 pax
478 1485 615 1541 illud
657 1502 805 1541 nunc
837 1486 974 1542 mihi
1026 1503 1056 1541 a
1102 1486 1259 1541 vobis
1300 1487 1565 1558 pateﬁeri.
1610 1488 1815 1543 Textus

211 1579 360 1635 enim
394 1576 567 1649 ipsius
599 1576 701 1632 iste
732 1576 965 1631 habetur
993 1576 1484 1648 indefatigabiliter
1519 1576 1809 1632 tenendus.

204 1674 457 1746 Epistola
492 1673 753 1743 generalis
798 1672 869 1727 ad
909 1690 1083 1746 omnes
1119 1674 1537 1744 archiepiscopos
1579 1680 1626 1728 et
1667 1674 1815 1745 epis-

650 1761 804 1815 copos
836 1745 1141 1799 Galliarum
1170 1745 1388 1800 directa.

280 1842 560 1910 Nicolaus,
609 1857 801 1897 servus
845 1858 1126 1898 servorum
1175 1842 1298 1909 Dei,
1337 1850 1440 1897 etc.
1499 1840 1621 1899 Vide
1676 1843 1809 1897 hanc

202 1930 486 2003 epistolam
516 1932 607 1986 sub
650 1947 797 1985 nam.
842 1931 908 1987 76
938 1931 1076 1986 inter
1104 1934 1308 2002 scripta
1336 1930 1553 1987 Nicolai
1587 1931 1636 1996 Ι,
1689 1932 1809 1986 Ρα-

208 2022 449 2092 trologice
482 2028 614 2075 temo
651 2021 842 2076 CXIX.

280 2116 450 2171 Porro
494 2115 638 2171 sicut
689 2113 990 2186 scripsistis
1037 2128 1156 2169 mos
1184 2121 1266 2169 est
1308 2112 1621 2185 apostolicae
1665 2111 1810 2168 sedis

200 2204 584 2278 pontiﬁcibus,
644 2212 708 2259 ut
758 2202 923 2258 verba
977 2202 1324 2258 decessorum
1382 2218 1607 2256 suorum
1655 2200 1809 2273 quasi

200 2295 429 2368 propria
470 2296 528 2349 in
580 2293 695 2350 suis
753 2300 961 2366 ponant
1012 2293 1279 2365 epistolis,
1330 2301 1616 2365 quatenus,
1668 2291 1809 2347 sicut

197 2385 568 2457 Symmachus
599 2400 738 2457 papa
784 2384 881 2452 ait,
949 2408 967 2431 ι
996 2383 1308 2439 roborando
1354 2399 1473 2455 quae
1505 2390 1652 2454 gesta
1681 2389 1808 2437 sunt

198 2479 410 2536 faciant
452 2484 567 2532 rata
617 2493 732 2532 esse
775 2467 1227 2546 quae'gesserunt.
1260 2499 1277 2520 -
1324 2473 1594 2541 Quocirca
1623 2472 1809 2527 ﬁrmi-

206 2578 295 2625 ter
325 2576 504 2635 teneo,
537 2568 583 2623 si
613 2566 1004 2639 quaterniones
1025 2564 1193 2621 vestri
1220 2565 1287 2621 ad
1316 2564 1631 2635 apostolicae
1664 2562 1810 2619 sedis

209 2674 339 2732 pert
354 2660 569 2714 enerint
600 2657 876 2722 notitiam,
907 2656 1000 2727 qui
1031 2662 1221 2710 contra
1261 2655 1684 2725 apostolicorum
1716 2653 1805 2709 de-

200 2756 359 2806 creta
379 2748 774 2819 obloquuntur,
799 2747 1009 2801 nullius
1040 2745 1303 2802 momenti
1326 2744 1647 2809 subsistent,
1679 2742 1809 2813 quia

197 2854 328 2911 quae
386 2836 623 2892 domnus
673 2834 1003 2890 venerabilis
1056 2849 1193 2905 papa
1241 2834 1521 2899 Nicolaus,
1579 2846 1807 2886 suorum

190 2929 453 2997 exempla
483 2924 940 2996 praedecessorum
972 2923 1216 2989 imitans,
1258 2920 1636 2993 prosequendo
1664 2936 1808 2976 con-

190 3017 410 3084 stituit,
471 3015 708 3072 domnus
757 3029 910 3086 aeque
956 3011 1302 3067 venerandus
1352 3028 1486 3083 papa
1530 3026 1810 3066 successor

194 3106 327 3177 ipsa
354 3104 631 3161 Adrianus
680 3119 800 3174 qum
843 3102 910 3157 ab
950 3117 1014 3156 eo
1064 3110 1211 3170 gesta
1248 3108 1377 3156 sunt
1422 3099 1721 3166 roborabit,
1748 3106 1809 3153 ut

188 3193 370 3251 faciat
400 3200 602 3249 restare
632 3209 751 3263 quae
779 3191 1026 3262 gesserit,
1057 3198 1109 3244 et
1132 3190 1275 3245 sicut
1301 3189 1619 3260 scripsistis,
1646 3186 1807 3258 juxta

186 3304 415 3343 morem
472 3286 789 3357 apostolicae
836 3284 981 3340 sedis
1033 3282 1382 3355 pontiﬁcum,
1431 3282 1595 3337 etiam
1645 3279 1809 3335 verba

183 3376 370 3447 hujus
396 3375 808 3447 pmdecessoris
834 3375 920 3429 sui
962 3373 1115 3444 quasi
1154 3373 1372 3443 propria
1402 3372 1460 3426 in
1486 3371 1601 3425 suis
1644 3376 1809 3441 ponet

181 3463 471 3537 epistolis,
503 3470 697 3521 contra
745 3477 936 3516 omnes
966 3476 1102 3530 quos
1151 3458 1383 3515 senserit
1412 3458 1678 3514 adversus
1714 3458 1808 3512 illa

180 3571 321 3627 qua:
350 3553 417 3609 ab
447 3569 511 3609 eo
541 3551 891 3622 promulgata
930 3556 1059 3601 sunt
1097 3546 1294 3601 adniti.
1328 3546 1549 3600 Etenim
1579 3553 1809 3616 aposto-

179 3644 319 3700 licae
337 3643 456 3698 sedi
477 3639 673 3694 obvias
690 3650 884 3690 manus
905 3634 1106 3689 inferre
1132 3633 1500 3705 periculosum
1524 3642 1624 3702 est,
1660 3634 1807 3706 quod

175 3734 390 3790 nullus
422 3742 667 3799 unquam
699 3724 825 3780 fecit
855 3725 999 3781 sicut
1027 3725 1226 3780 melius
1273 3725 1466 3792 nostis,
1516 3725 1610 3796 qui
1657 3724 1723 3780 de
1751 3740 1807 3779 se

175 3820 378 3877 voluit
389 3816 650 3888 judicari.
664 3814 958 3870 Enimvero
982 3814 1113 3887 quia
1132 3814 1188 3869 in
1211 3813 1414 3869 eisdem
1432 3814 1805 3887 quaternioni-

176 3912 300 3968 bus
335 3906 532 3965 vestris
562 3905 737 3961 multa
766 3902 927 3960 utilia
957 3903 1249 3971 habentur,
1278 3920 1346 3959 ex
1379 3907 1681 3960 multorum
1708 3921 1805 3960 au-

178 4009 419 4057 ctorum
447 3993 761 4060 sententiis,
796 4000 1056 4063 tanquam
1082 4008 1150 4046 ex
1174 3991 1454 4047 latissimis
1474 3993 1646 4065 pratis
1664 3993 1807 4047 vivis

183 4086 449 4145 fontibus
479 4083 722 4155 irrigatis
753 4081 1039 4147 deﬂorata,
1077 4081 1301 4137 videtur
1333 4082 1469 4136 milii
1502 4090 1563 4137 ut
1592 4098 1659 4136 ex
1693 4082 1805 4137 illis

186 4180 392 4234 hotrus
424 4181 760 4245 carperetur,
785 4182 839 4227 et
869 4172 1025 4243 spina
1053 4178 1357 4226 caveretur.
1390 4172 1464 4226 At
1493 4171 1560 4226 de
1580 4171 1665 4226 his
1686 4188 1806 4243 quae

188 4268 266 4325 de
298 4281 385 4321 me
409 4265 463 4318 in
488 4262 622 4334 ipsis
651 4262 854 4332 scripta
870 4260 1053 4317 adhuc
1073 4261 1261 4331 relegi,
1283 4260 1559 4332 perfacilis
1580 4261 1802 4333 quiderm

190 4364 349 4430 patet
376 4351 679 4424 responsio,
714 4351 808 4407 sed
837 4350 1193 4406 verbositatis
1220 4368 1282 4407 ac
1316 4351 1666 4423 loquacitatis
1686 4352 1801 4408 abs-

188 4461 303 4518 que
332 4443 462 4499 salis
494 4443 675 4513 lepore
706 4439 1041 4511 perplurima
1064 4439 1272 4510 indiget
1303 4441 1640 4510 prolixitate.
1661 4443 1799 4508 Quo-

189 4535 342 4591 circa
370 4532 529 4589 valde
556 4547 767 4598 vereor,
808 4529 935 4601 quia
966 4530 1093 4585 talis
1134 4546 1165 4584 a
1216 4530 1385 4584 calice
1441 4530 1577 4585 mihi
1619 4532 1804 4587 taliter

196 4622 497 4697 propinate
534 4620 879 4677 derivabilur
908 4618 1219 4689 rescriptio,
1266 4619 1413 4674 sicut
1453 4620 1521 4674 de
1564 4620 1801 4691 quodam

190 4710 482 4779 scribitur,
513 4711 730 4782 qualem
758 4717 812 4766 et
842 4725 940 4762 vos
967 4718 1020 4763 et
1051 4723 1137 4762 me
1158 4707 1360 4779 pudeat
1383 4709 1576 4778 legere,
1610 4717 1662 4764 et
1686 4725 1800 4779 gra-

193 4818 294 4858 ves
322 4801 473 4857 viros
526 4801 722 4857 taideat
756 4799 921 4856 etiam
972 4796 1180 4853 audire.
1222 4799 1563 4869 Quapropter
1590 4798 1635 4853 si
1668 4815 1802 4870 pos-

193 4906 335 4958 sem,
368 4899 420 4946 et
450 4888 609 4945 vobis
640 4888 805 4944 etiam
839 4887 1094 4958 placeret,
1145 4887 1348 4958 oppido
1387 4902 1507 4943 eam
1555 4887 1800 4945 devitarc

194 4992 464 5057 optarem.
497 4985 634 5041 Nam
663 4983 730 5038 de
760 4984 939 5040 causis
969 4983 1315 5053 generalibus
1343 4983 1550 5038 ibidem
1582 4984 1795 5055 positis,

192 5075 750 5131 decretaliaRomanze
769 5073 915 5128 sedis
934 5073 1067 5128 satis
1084 5072 1411 5144 abundeque
1440 5074 1793 5144 respondent,

192 5174 388 5220 contra
425 5179 546 5236 quas
578 5164 760 5218 nullas
809 5162 1249 5234 propositionum
1295 5160 1567 5231 ambages,
1618 5164 1797 5218 nullas

195 5269 368 5309 novas
389 5252 831 5320 adinventiones,
861 5258 957 5306 aut
988 5250 1371 5321 tergiversales
1394 5250 1796 5321 interpretatio-

194 5358 293 5397 nes
322 5344 616 5414 quisquam
646 5341 909 5413 quiddam
943 5342 1062 5396 sani
1092 5345 1308 5412 sapiens
1338 5341 1618 5411 suscipiet.
1651 5340 1793 5407 Quo-

196 5434 348 5488 niam
380 5435 495 5489 haec
520 5442 601 5490 est
632 5450 721 5488 via
750 5433 976 5501 directa,
1009 5434 1068 5488 in
1088 5449 1195 5504 qua
1222 5449 1321 5487 nec
1350 5434 1552 5487 stultus
1568 5432 1791 5500 errabit,

194 5532 249 5578 et
275 5541 386 5595 qua
417 5533 525 5580 tam
559 5525 887 5579 intentative
909 5525 969 5578 in
993 5523 1274 5579 Attiniaco
1301 5522 1369 5578 de
1398 5525 1793 5579 excommuni-

192 5612 412 5668 catione
450 5628 483 5668 α
528 5627 615 5667 me
666 5612 726 5667 in
772 5610 1032 5683 parochia
1066 5626 1186 5668 mea
1232 5611 1377 5669 facta
1422 5612 1790 5685 interrogatus

1935 506 2241 562 inauditam
2272 508 2447 577 illam,
2480 525 2543 564 ac
2569 516 2760 566 contra
2788 509 3145 580 apostolicam
3188 510 3518 581 doctrinam,

1930 604 1985 652 et
2013 605 2205 653 contra
2234 599 2657 656 ecclesiasticam
2688 601 2975 663 veritatem
3007 601 3176 658 fuisse
3203 606 3523 661 asseveratis

1931 686 2156 751 factam,
2192 703 2302 744 non
2333 688 2495 743 aliam
2528 689 2703 756 illam,
2737 706 2900 761 quam
2928 707 2960 746 a
2988 698 3169 747 vestra
3200 690 3341 746 vivas
3370 693 3523 748 vocis

1930 775 2181 834 doctrina
2210 778 2515 835 faciendam
2555 778 2749 845 didici,
2782 788 2837 834 et
2864 797 2961 835 vos
3006 797 3068 836 ea
3114 797 3234 851 quae
3263 781 3389 853 jure
3416 782 3524 838 de-

1930 867 2215 922 struxistis
2270 866 2337 922 ab
2387 884 2443 921 re
2492 867 2822 924 resediﬁcare
2870 885 2980 923 non
3036 868 3267 938 debetis,
3322 870 3436 926 imo
3469 877 3523 927 et

1929 971 2093 1027 quam
2125 957 2182 1011 in
2214 957 2456 1014 Romana
2475 956 2599 1013 sede
2629 958 2930 1029 apostolica
2948 960 3272 1015 auctoritate
3289 961 3519 1030 cognovi

1928 1047 2296 1118 praeiuditam,
2327 1054 2381 1102 et
2408 1047 2477 1103 de
2505 1064 2613 1119 qua
2643 1047 2889 1104 eamdem
2914 1048 3051 1104 mihi
3082 1048 3264 1104 sedem
3286 1051 3521 1105 reclamo

1928 1135 2043 1192 fore
2072 1137 2394 1203 auctricem,
2423 1136 2582 1207 cujus
2615 1138 2844 1193 interest
2869 1146 2923 1193 et
2961 1138 3028 1193 de
3077 1138 3172 1193 illa
3200 1154 3231 1192 a
3264 1154 3352 1193 me
3379 1138 3523 1196 facta

1926 1226 2498 1282 excommunicatione
2512 1225 2781 1297 judicare,
2815 1235 2869 1281 et
2890 1226 2955 1281 de
2977 1234 3156 1281 vestra
3187 1228 3520 1284 resolutione

1925 1315 2235 1382 decernere,
2273 1331 2397 1370 cum
2430 1313 2499 1369 ob
2528 1329 2643 1370 eam
2676 1314 2812 1369 mihi
2842 1314 3143 1371 rescribitis
3173 1315 3272 1380 sic,
3314 1338 3332 1362 ι
3364 1316 3520 1383 Quod

1923 1422 2052 1477 ergo
2082 1406 2148 1460 de
2180 1413 2272 1459 tua
2317 1404 2598 1477 parochia,
2637 1405 2789 1476 quasi
2838 1421 2934 1475 ego
2984 1404 3050 1460 ad
3097 1405 3309 1476 aliquid
3365 1406 3422 1460 in
3459 1422 3520 1460 ea

1923 1493 2311 1549 diﬂiniendum
2345 1494 2498 1549 illam
2530 1494 2681 1549 adire
2704 1510 2812 1549 non
2837 1498 3062 1567 possim,
3097 1509 3163 1547 ex
3190 1494 3375 1549 verbis
3401 1495 3519 1552 Cal-

1925 1584 2060 1651 listi,
2088 1591 2141 1639 et
2171 1584 2297 1639 aliis
2328 1586 2439 1655 tuis
2467 1584 2954 1655 compilationibus
2984 1592 3164 1640 tecum
3180 1599 3287 1638 non
3302 1584 3519 1639 facien-

1921 1674 2072 1730 tibus
2097 1675 2369 1730 al'ﬁrmare
2408 1676 2643 1743 conaris,
2679 1691 2843 1746 prave
2882 1674 3168 1747 intelligis.
3214 1674 3317 1730 Sed
3346 1674 3433 1730 his
3464 1681 3517 1729 et

1839 1777 1884 1836 Β
1920 1764 2045 1819 aliis
2076 1765 2385 1836 regularum
2411 1765 2905 1821 constitutionibus
2927 1765 3177 1820 invenies
3197 1764 3302 1820 hoc
3322 1764 3518 1819 obser—

1920 1871 2050 1909 vare
2100 1871 2551 1928 unumquemque
2601 1856 3084 1927 metropolitanum
3123 1856 3182 1909 in
3232 1855 3520 1926 provnncia

1921 1944 2148 1999 alterius
2170 1944 2599 2016 metrOpolitani,
2632 1944 2780 2016 quod
2808 1952 2869 1999 tu
2905 1945 3005 1999 tibi
3030 1959 3283 2017 perverse
3301 1957 3518 2013 arrogas

1921 2032 1988 2088 de
2009 2041 2102 2088 tua
2122 2034 2381 2104 parochia
2405 2034 2838 2105 metropolitanis
2875 2033 2990 2088 sedi
3016 2032 3347 2089 Rhemorum
3377 2031 3518 2086 sub-

1916 2122 2079 2194 jecta.
2114 2125 2319 2179 Forsan
2346 2124 2570 2178 fuerunt
2599 2124 2770 2195 aliqui
2809 2122 3382 2193 metropolitanorum,
3417 2121 3513 2191 qui

1915 2212 2026 2284 jam
2062 2213 2179 2268 haec
2208 2212 2523 2282 hujusmodi
2557 2214 2972 2269 attentaverint.
3007 2237 3026 2259 ι

1994 2299 2148 2356 Unde
2175 2307 2229 2354 et
2259 2300 2404 2355 idem
2436 2301 2579 2355 fatus
2610 2300 2871 2357 Callistus
2900 2317 3038 2372 papa
3058 2300 3125 2355 ad
3155 2314 3349 2354 omnes
3377 2299 3517 2354 Gal-

1921 2389 2119 2444 liarum
2142 2389 2365 2444 urbium
2393 2390 2675 2463 episcopos
2716 2389 3014 2460 rescripsit,
3067 2389 3124 2443 in
3154 2404 3262 2458 qua
3311 2387 3516 2442 rescri-

1922 2478 2108 2549 ptione
2126 2478 2739 2549 penitusintelligentiaa
2752 2476 3213 2546 amphibologiam
3232 2474 3511 2545 praecavit.

1919 2567 2076 2634 Nam,
2104 2566 2284 2639 inquit
2308 2568 2478 2638 (epist.
2508 2567 2567 2622 11
2591 2568 2662 2622 ad
2684 2566 2839 2637 episc.
2865 2565 3040 2635 Gal),
3076 2562 3515 2635 «Nullusprimas

1922 2657 2008 2710 vel
2044 2658 2500 2728 metropolitanus
2529 2657 2846 2712 ditecesianl
2877 2656 3161 2711 ecclesiam
3208 2653 3295 2707 vel
3345 2667 3515 2724 paro-

1920 2743 2180 2800 chianum
2202 2744 2287 2800 vel
2311 2746 2519 2819 aliquid
2546 2745 2663 2817 ejus
2693 2743 2963 2816 parochias
2986 2749 3279 2815 priesumat
3298 2757 3513 2797 excom-

1922 2834 2223 2901 municare,
2257 2836 2340 2888 vel
2360 2834 2628 2905 judicare,
2660 2834 2944 2906 aliquidve
2968 2846 3143 2904 agere,
3176 2832 3379 2904 absque
3399 2830 3516 2901 ejus

1922 2924 2154 2979 consilio
2176 2924 2262 2979 vel
2300 2923 2533 2995 judicio.
2586 2924 2690 2978 Sed
2740 2920 2846 2978 hoc
2891 2922 3202 2989 observent,
3253 2919 3400 2993 quod
3448 2919 3515 2975 ab

1920 3014 2183 3084 apostolis
2234 3028 2297 3069 ac
2344 3012 2599 3067 Patrlbus
2653 3019 2707 3067 et
2761 3012 3256 3084 prmdecessoribus
3313 3011 3515 3066 nostris

1920 3112 2002 3158 est
2031 3111 2321 3170 statutum,
2345 3110 2398 3158 et
2424 3118 2453 3157 a
2483 3102 2642 3157 nobis
2671 3102 3079 3166 conﬁrmatum,
3112 3100 3165 3153 id
3192 3106 3292 3166 est,
3313 3098 3367 3153 Si
3392 3098 3516 3171 quis

1920 3192 2377 3263 metropolitanus
2406 3191 2709 3261 episcopus,
2737 3188 2843 3245 nisi
2869 3187 3016 3260 quod
3039 3188 3106 3242 ad
3127 3203 3279 3242 suam
3312 3187 3513 3241 solum-

1919 3284 2083 3338 modo
2114 3282 2387 3353 propriam
2424 3281 2660 3353 pertinet
2694 3278 3032 3350 parochiam,
3065 3279 3183 3333 sine
3205 3277 3445 3333 consilio
3460 3286 3515 3334 et

1917 3373 2204 3427 voluntate
2240 3370 2491 3425 omnium
2524 3368 3075 3441 comprovincialium
3127 3369 3509 3439 episcOporum

1918 3470 2073 3517 extra
2103 3460 2311 3532 aliquid
2333 3472 2490 3530 agere
2518 3458 2839 3524 tentaverit,
2894 3456 3091 3528 gradus
3137 3456 3221 3510 sui
3269 3456 3513 3527 periculo

1917 3550 2239 3621 subjacebit,
2272 3556 2324 3603 et
2352 3548 2497 3621 quod
2525 3548 2695 3618 egerit
2736 3546 2956 3601 irritum
3005 3545 3270 3600 habeatur
3324 3551 3377 3599 et
3408 3561 3513 3599 va-

1916 3654 2102 3696 cuum.
2118 3640 2221 3695 Sed
2240 3635 2510 3711 quidquid
2538 3635 2604 3691 de
2622 3633 3046 3709 provincialium
3064 3634 3512 3705 coepiscoporum

1916 3729 2114 3797 causis,
2151 3744 2449 3800 eorumque
2496 3727 2850 3783 ecclesiarum
2890 3731 2943 3781 et
2983 3723 3311 3781 clericorurn
3352 3729 3513 3795 atque

1917 3821 2262 3876 saecularium
2299 3818 2737 3886 necessitatibus,
2770 3832 2926 3889 agere
2955 3823 3049 3871 aut
3079 3816 3373 3886 disponere
3406 3826 3512 3868 ne-

1917 3926 2064 3967 cesse
2093 3909 2279 3977 fuerit,
2313 3909 2418 3964 hoc
2474 3922 2597 3963 cum
2647 3906 2895 3962 omnium
2942 3918 3208 3961 consensu
3252 3916 3515 3972 compro-

1916 4000 2241 4056 vincialium
2274 4007 2467 4072 agatur
2487 3998 2836 4071 pontiﬁcum,
2854 4013 2963 4053 non
2982 3995 3165 4068 aliquo
3185 3991 3509 4050 dominatio-

1915 4092 2002 4146 nis
2033 4092 2197 4157 fastu,
2215 4089 2309 4145 sed
2326 4090 2643 4145 humillima
2662 4096 2715 4144 et
2733 4087 2990 4145 concordi
3007 4084 3508 4153 administratione,

1913 4184 2053 4239 sicut
2075 4182 2345 4238 Dominus
2360 4180 2456 4248 ait,
2484 4182 2601 4235 Non
2627 4182 2743 4233 veni
2761 4181 3082 4246 ministrari,
3101 4180 3189 4235 sed
3208 4181 3514 4234 ministrare

1916 4273 2132 4344 (Matth.
2178 4269 2379 4341 xx).Et
2426 4267 2595 4323 alibi:
2653 4268 2755 4333 Qui
2795 4268 2973 4335 major
3026 4274 3099 4320 est
3142 4275 3389 4333 vestrum,
3412 4267 3514 4321 erit

1912 4361 2152 4416 minister
2190 4365 2352 4413 vester
2386 4357 2578 4423 (Mare.
2614 4356 2699 4425 χ),
2722 4379 2739 4401 ι
2784 4361 2838 4410 et
2882 4352 3092 4425 reliqua
3156 4350 3362 4425 Nempe
3400 4371 3508 4426 po-

1914 4466 2070 4518 nens,
2103 4447 2290 4504 nullus
2313 4446 2537 4519 primas,
2566 4446 2754 4500 nullus
2786 4442 3261 4513 metropolitanus,
3295 4441 3507 4499 dioece-

1913 4538 2054 4596 siani
2084 4535 2372 4593 ecclesiam
2396 4536 2480 4591 vel
2506 4534 2917 4607 parochianum,
2942 4533 3026 4587 vel
3050 4532 3263 4605 aliquid
3284 4530 3399 4603 ejus
3421 4546 3508 4605 pa~

1912 4631 2115 4689 rochiae
2146 4639 2437 4705 praesumat
2467 4630 2965 4697 excommunicare,
2994 4626 3273 4701 aliquidve
3329 4642 3504 4699 agere,

1914 4723 2123 4796 absque
2146 4721 2263 4793 ejus
2293 4719 2531 4776 consilio
2582 4716 2664 4773 vel
2707 4714 2945 4788 judicio,
2995 4730 3107 4770 non
3156 4713 3376 4769 videtur
3418 4712 3507 4769 hic

1912 4811 2243 4885 primatibus
2275 4811 2341 4868 de
2368 4806 2847 4883 comprimatibus,
2870 4807 2957 4862 vel
2990 4804 3426 4877 metropolitanis
3442 4802 3507 4860 de

1909 4901 2479 4975 commetropolitanis
2510 4900 2565 4956 id
2586 4898 3053 4965 inculcasse,cum
3075 4896 3348 4969 expunxit
3374 4893 3503 4950 dice-

1908 4993 2110 5049 cesiani
2141 4993 2424 5051 ecclesiam
2458 4993 2543 5047 vel
2567 4987 2988 5064 parochianum,
3008 4987 3092 5041 vel
3124 4984 3353 5057 aliquid,
3389 4981 3504 5054 ejus

1907 5082 2181 5152 parochia;
2209 5100 2219 5137 :
2249 5079 2343 5137 sed
2373 5081 2449 5136 ibi
2483 5081 2684 5153 absque
2711 5071 3503 5149 ambiguitateintelligendum

1906 5176 2009 5237 est,
2035 5168 2180 5241 quod
2212 5184 2323 5224 non
2354 5169 2483 5224 licet
2513 5184 2669 5240 agere
2689 5161 3312 5238 primati,multominus
3339 5160 3503 5215 etiam

1906 5257 2352 5328 metropolitano,
2383 5266 2443 5313 ut
2470 5255 2784 5314 diceeesiani
2808 5252 3093 5309 ecclesiam
3115 5249 3202 5305 vel
3227 5246 3505 5321 parochia-

1904 5364 2059 5416 num,
2092 5350 2179 5402 vel
2210 5348 2421 5420 aliquid
2448 5347 2566 5418 ejus
2587 5346 2857 5420 parochia;
2880 5349 3171 5416 praesumat
3190 5355 3503 5396 excommu-

1903 5437 2087 5494 nicare
2116 5436 2201 5491 vel
2226 5435 2495 5507 judicare.
2519 5438 2630 5492 Nec
2666 5433 2850 5487 minus
2879 5432 2956 5487 ibi
3006 5438 3173 5503 patet,
3216 5429 3345 5502 quia
3391 5443 3502 5483 non

1903 5526 2031 5582 licet
2052 5523 2475 5596 metmpolitano
2505 5523 2564 5577 in
2587 5520 2843 5595 parochia
2863 5520 2947 5575 sui
2964 5516 3375 5591 metropolitani
3398 5516 3501 5571 hoc

1901 5612 2337 5688 usurpare,quod
2354 5626 2529 5685 neque
2549 5613 2608 5668 in
2627 5609 2946 5668 dimcesiani
2966 5609 3072 5666 sibi
3088 5606 3407 5667 conceditur
3420 5612 3500 5659 st-
