4078 6182
564 238 701 296 1055

1598 238 1945 297 HINCMARI
1984 240 2468 299 LUGDUNENSIS
2505 241 2817 299 EPISCOPI

3738 250 3873 309 1056

536 405 787 468 tentare.
817 400 921 458 Sed
937 403 1249 460 ostenditur
1264 404 1321 459 in
1341 403 1535 458 eodem
1555 402 1794 474 capitulo
1816 404 1949 477 quid
1973 404 2053 460 illi
2076 405 2141 460 li-
2177 408 2224 468 Α
2251 404 2321 461 ad
2352 406 2751 477 possessionem
2779 408 3021 474 accedat,
3053 423 3172 479 quae
3201 406 3269 463 ad
3302 423 3426 463 eum
3457 424 3572 464 non
3613 411 3870 481 pertinet,

559 497 677 545 ceat
706 506 768 546 ac
795 490 1070 562 expediat,
1091 491 1187 546 ubi
1215 492 1529 548 annectitur
1550 493 1649 561 sic,
1677 494 1771 549 sed
1801 493 2071 566 quidquid
2091 495 2157 551 de

560 579 985 651 provincialium
1004 581 1891 656 episcoporumcausis,eorumque
1908 587 2156 642 ecclesia-

560 682 684 722 rum
712 676 765 722 et
792 669 1118 724 clericorum
1149 677 1310 741 atque
1350 672 1694 728 saecularium
1742 675 2158 731 necessitatibus

562 772 717 827 agere
748 765 843 811 aut
863 757 1151 829 disponere
1181 776 1399 817 necesse
1429 761 1615 829 fuerit,
1635 762 1742 818 hoc
1759 779 1883 819 cum
1909 764 2156 819 omnium

562 861 832 902 consensu
851 850 1404 919 comprovincialium
1434 860 1624 922 agatur
1662 851 2008 924 pontiﬁcum.
2050 855 2160 911 Nec

563 934 736 990 tacuit
766 936 930 991 etiam
962 937 1198 993 actionis
1228 938 1453 993 modum
1483 940 1692 1008 dicens,
1757 965 1775 988 ι
1802 941 1923 997 Non
1972 942 2158 1014 aliquo

563 1020 960 1079 dominationis
990 1024 1156 1094 fastu,
1188 1027 1283 1082 sed
1310 1027 1633 1084 humillima
1661 1037 1716 1084 et
1759 1030 2020 1087 concordi
2053 1031 2160 1086 ad—

564 1108 988 1179 ministratione,
1013 1112 1154 1168 sicut
1187 1115 1455 1172 Dominus
1484 1116 1586 1172 ait:
1612 1118 1731 1172 Non
1752 1120 1867 1173 veni
1887 1120 2156 1174 ministra-

563 1198 634 1263 ri,
650 1199 739 1251 sed
758 1199 1064 1255 ministrare
1095 1202 1306 1272 (Matth.
1339 1206 1463 1275 xx);
1491 1214 1543 1261 et
1577 1206 1739 1263 alibi:
1768 1208 1869 1274 Qui
1889 1208 2067 1276 major
2086 1215 2160 1263 est

562 1292 810 1353 vestrum,
841 1288 943 1341 erit
968 1289 1208 1345 minister
1255 1299 1419 1345 vester
1456 1294 1648 1364 (Marc.
1700 1296 1785 1364 x).
1834 1321 1851 1341 ι
1898 1296 2001 1351 Ubi
2047 1312 2159 1352 non

562 1375 763 1446 aliquis
809 1375 1204 1433 dominationis
1232 1379 1406 1435 fastus
1452 1380 1693 1453 intelligi
1721 1390 1951 1454 poterat,
1976 1383 2071 1455 qui
2103 1401 2159 1440 se

561 1464 665 1520 soli
699 1464 843 1520 inter
875 1482 929 1521 se
980 1474 1076 1522 aut
1120 1468 1365 1525 vicissim
1402 1468 1737 1540 judicarent,
1776 1479 1872 1527 aut
1911 1472 2158 1529 vicrssim

562 1565 901 1626 spernerent,
933 1566 1177 1631 essetque
1205 1560 1341 1615 ordo
1369 1561 1653 1617 confusus.
1696 1563 1767 1617 Et
1796 1562 1943 1634 quod
1973 1563 2032 1618 in
2058 1579 2160 1618 eo-

560 1648 685 1703 dem
708 1650 1027 1705 continetur
1052 1652 1295 1722 capitulo
1325 1653 1659 1708 intueamur:
1704 1653 1832 1710 «Sed
1855 1654 1960 1712 hoc
1979 1654 2157 1710 obser-

2265 499 2319 547 et
2369 493 2594 549 alterius
2623 495 2865 568 episcopi
2903 504 2983 550 est
3010 496 3304 567 parochias,
3339 512 3503 568 super
3546 496 3872 571 cujusquam

2265 584 2648 657 dispositione,
2707 586 2816 641 nisi
2872 594 3098 642 vocatus
3139 586 3206 641 ab
3255 604 3320 643 eo
3368 588 3528 659 cujus
3573 590 3724 661 juris
3769 610 3874 649 esse

2264 677 2628 749 dignoscitur,
2664 684 2726 732 ut
2752 677 3013 749 quiddam
3063 677 3141 733 ibi
3196 678 3469 750 disponat,
3520 682 3612 735 vel
3659 682 3873 740 ordinet

2266 772 2361 820 aut
2384 764 2616 836 judicet,
2649 765 2695 821 si
2725 766 2810 821 sui
2847 766 3048 837 gradus
3079 766 3287 822 honore
3304 768 3468 839 potiri
3501 770 3871 828 voluerit.Sin

2267 854 2426 910 aliter
2453 856 2879 927 praesumpserit,
2902 855 3277 923 damnabitur,
3312 864 3364 912 et
3402 873 3515 913 non
3549 860 3732 915 solum
3764 862 3871 929 ille,

2266 945 2359 1001 sed
2392 956 2750 1018 cooperantes
2779 953 2942 1018 atque
2971 947 3379 1002 consentientes
3406 964 3418 1001 :
3450 948 3580 1019 quia
3624 950 3771 1006 sicut
3799 969 3873 1006 or-

2266 1034 2499 1107 dinatio,
2534 1037 2612 1091 ita
2631 1036 2710 1091 eis
2735 1034 3007 1106 judicatio
3023 1042 3077 1089 et
3105 1035 3338 1091 aliarum
3369 1052 3549 1091 rerum
3583 1036 3875 1110 dispositio

2264 1122 2609 1195 prohibetur.
2638 1124 2775 1179 Nam
2821 1123 2917 1196 qui
2947 1122 3207 1180 ordinare
3236 1140 3347 1179 non
3394 1126 3599 1196 poterit
3638 1128 3874 1200 qualiter

2262 1210 2539 1282 judicabit
2556 1214 2583 1268 ?
2604 1214 2922 1267 nullatenus
2951 1212 3141 1285 procul
3157 1211 3328 1268 dubio
3352 1212 3646 1284 judicabit,
3670 1225 3769 1271 aut
3792 1216 3874 1288 ju-

2268 1299 2453 1356 dicare
2513 1302 2738 1373 poterit.
2778 1299 3050 1367 Quoniam
3097 1299 3241 1355 sicut
3288 1301 3518 1357 alterius
3578 1320 3724 1359 uxor
3780 1322 3877 1361 nec

2267 1388 2565 1444 adulterari
2595 1389 2662 1444 ab
2683 1390 2868 1461 aliquo
2895 1389 2980 1445 vel
3019 1387 3259 1459 judicari
3307 1398 3401 1446 aut
3429 1391 3673 1462 disponi,
3704 1394 3816 1449 nisi
3847 1411 3877 1449 a

2268 1479 2493 1551 proprio
2526 1480 2648 1536 viro
2677 1496 2739 1535 eo
2769 1479 2992 1534 vivente
3036 1476 3380 1549 permittitur
3408 1498 3420 1535 :
3466 1480 3547 1536 sic
3586 1499 3685 1537 nec
3734 1500 3877 1538 uxor

2268 1572 2534 1645 episcopi,
2558 1591 2675 1645 quae
2707 1573 2824 1644 ejus
2849 1571 3099 1628 Ecclesia
3127 1572 3214 1627 vel
3253 1570 3512 1643 parochia
3542 1573 3875 1631 indubitan-

2268 1668 2353 1716 ter
2385 1662 2737 1734 intelligitur,
2795 1678 2860 1716 eo
2892 1662 3115 1717 vivente
3172 1660 3373 1733 absque
3412 1661 3529 1732 ejus
3576 1662 3798 1735 judicio
3825 1674 3870 1721 et

561 1743 692 1789 vent
712 1737 859 1807 quod
884 1736 952 1791 ab
981 1739 1244 1809 apostolis
1272 1756 1334 1796 ac
1364 1741 1619 1796 Patribus
1647 1758 1715 1796 ex
1747 1741 2154 1813 praedecessori-

2263 1760 2547 1814 voluntate
2574 1758 2734 1813 alteri
2758 1757 3009 1828 judicarc
3032 1765 3125 1813 aut
3155 1757 3464 1829 disponere,
3487 1766 3582 1813 aut
3605 1759 3726 1830 ejus
3749 1777 3865 1817 con.

559 1822 663 1879 bus
692 1826 898 1881 nostris
926 1834 1009 1882 est
1036 1835 1326 1895 statutum,
1358 1837 1412 1884 et
1441 1846 1473 1884 a
1498 1830 1659 1886 nobis
1685 1832 2158 1902 conﬁrmatum,id

559 1920 661 1979 est,
695 1914 750 1968 Si
784 1915 907 1986 quis
926 1916 1382 1985 metropolitanus
1412 1919 1719 1990 episcopus,
1775 1921 1882 1975 nisi
1915 1923 2061 1992 quod
2088 1923 2158 1978 ad

558 2014 714 2054 suam
746 2001 1094 2057 solummodo
1122 2005 1399 2075 propriam
1431 2007 1670 2076 pertinet
1698 2009 2158 2078 parochiam,sine

558 2085 795 2141 consilio
845 2094 898 2141 et
954 2090 1239 2146 voluntate
1293 2093 1542 2148 omnium
1603 2096 2154 2166 comprovincialium

558 2173 965 2245 episcoporum,
999 2185 1157 2233 extra
1185 2180 1399 2252 aliquid
1430 2197 1590 2251 agere
1620 2187 1936 2254 tentaverit,
1959 2187 2158 2258 gradus

557 2262 643 2317 sui
675 2264 922 2333 periculo
948 2266 1272 2337 subjacebit,
1309 2275 1363 2322 et
1391 2271 1538 2341 quod
1569 2274 1740 2343 egerit
1782 2274 2002 2331 irritum
2049 2277 2157 2331 ha-

553 2348 747 2405 beatur
769 2358 823 2406 et
854 2368 1108 2410 vacuum.
1129 2382 1147 2403 ι
1182 2355 1238 2411 Si
1264 2356 1369 2413 hoc
1392 2363 1833 2432 metropolitanis
1863 2365 2154 2421 observan-

555 2438 685 2495 dum
717 2457 843 2496 cum
896 2448 1484 2518 commetropolitanis,
1533 2466 1643 2505 non
1686 2469 1813 2507 cum
1863 2454 2157 2511 dimcesia-

556 2529 644 2585 nis
695 2540 835 2587 esset
877 2540 1166 2602 statutum,
1215 2552 1325 2591 non
1366 2538 1757 2611 praefigeretur,
1789 2541 1845 2597 Si
1877 2543 2000 2615 quis
2048 2561 2155 2600 me-

558 2621 925 2688 tropolitanus
957 2623 1263 2694 episcopus,
1313 2627 1420 2682 nisi
1467 2628 1614 2699 quod
1656 2630 1723 2685 ad
1756 2648 1909 2687 suam
1938 2635 2156 2689 solum-

557 2705 725 2761 modo
755 2708 1030 2779 propriam
1049 2713 1288 2784 pertinet
1312 2715 1628 2786 parochiam
1659 2735 1670 2773 :
1700 2720 1794 2775 sed
1821 2737 2154 2794 consequen-

557 2799 642 2847 ter
670 2803 1108 2866 connecteretur,
1142 2801 1249 2855 nisi
1280 2803 1428 2874 quod
1483 2804 1552 2859 ad
1604 2822 1758 2862 suam
1810 2809 2183 2867 solummodo.

555 2880 834 2950 propriam
866 2884 1107 2952 pertinet
1141 2889 1458 2956 parochiam
1493 2900 1546 2946 et
1572 2892 1874 2951 dioecesim.
1909 2898 1980 2954 Et
2009 2899 2155 2970 quod

554 2967 821 3038 sequitur,
854 2969 972 3025 sine
1001 2973 1235 3029 consilio
1264 2983 1318 3030 et
1361 2978 1645 3036 voluntate
1693 2985 1942 3040 omnium
1994 2967 2156 3043 com—

553 3056 980 3127 provincialium
1008 3061 1391 3134 episcoporum
1423 3075 1580 3123 extra
1607 3070 1820 3142 aliquid
1851 3091 2007 3146 agere
2038 3085 2153 3133 ten-

466 3187 475 3199 .
554 3145 771 3213 taverit,
796 3148 841 3203 si
871 3148 1268 3224 archiepiscopi
1287 3153 1395 3211 hoc
1421 3156 1488 3211 de
1516 3145 1947 3235 archiepiscopis
1975 3165 2156 3222 obser-

554 3236 796 3291 vandum
827 3240 1129 3309 tenuerint,
1156 3243 1297 3299 illud
1326 3261 1504 3302 canon
1533 3248 1690 3305 cadet
1740 3252 1887 3322 quod
1934 3264 2157 3327 accepto

552 3321 732 3393 fertis,
756 3328 1063 3415 perfectum
1096 3334 1397 3410 concilium
1428 3345 1529 3405 est,
1563 3337 1658 3394 ubi
1700 3321 2158 3415 metropolitanus

550 3429 676 3469 cum
706 3414 821 3470 suis
844 3418 1201 3490 sufi'raganeis
1228 3421 1398 3478 fuerit
1425 3443 1436 3480 :
1472 3426 1601 3497 quia
1630 3430 1822 3486 nullus
1879 3432 2155 3505 archiepi-

554 3516 756 3573 scopus
779 3502 845 3557 de
880 3506 1325 3579 coepiscoporum
1350 3512 1532 3567 causis
1571 3514 1689 3570 sine
1710 3518 1944 3573 consilio
1973 3528 2027 3574 et
2061 3502 2155 3575 vo-

552 3588 764 3643 luntate
789 3592 1040 3646 omnium
1072 3596 1627 3665 comprovincialium
1656 3608 1716 3654 ut
1739 3603 2041 3660 secundum
2059 3623 2157 3663 vos

554 3677 749 3748 loquar
775 3680 1382 3752 coarchiepiscoporum
1406 3692 1637 3740 tractare
1677 3689 1762 3742 vel
1786 3688 2025 3746 difﬁnire
2050 3710 2158 3763 po-

556 3766 760 3821 tuerit:
794 3767 925 3839 quia
956 3770 1003 3824 si
1037 3778 1190 3826 extra
1227 3772 1438 3845 aliquid
1477 3791 1638 3846 agere
1678 3781 1998 3850 tentaverit,
2034 3764 2154 3854 gra-

551 3850 655 3907 dus
684 3855 771 3909 sui
803 3856 1050 3926 periculo
1079 3860 1403 3931 subjacebit,
1433 3872 1487 3919 et
1515 3866 1664 3935 quod
1715 3869 1886 3937 egerit
1932 3850 2154 3924 irritum

554 3939 850 3998 habebitur
878 3955 932 4000 et
962 3963 1216 4003 vacuum.
1250 3951 1390 4006 Ecce
1422 3953 1592 4023 magis
1624 3954 1713 4011 hic
1744 3959 1928 4028 perdit
1976 3968 2155 4015 vestra

550 4028 1033 4118 archiepiscopalis
1070 4035 1312 4104 dignitas
1344 4054 1509 4110 quam
1557 4042 1834 4115 acquirit;
1888 4048 2151 4118 quoniam

550 4115 699 4171 istud
728 4116 914 4175 minus
942 4128 1042 4188 est,
1072 4122 1117 4177 si
1148 4122 1288 4179 nihil
1345 4127 1454 4183 nisi
1508 4131 1657 4202 quod
1704 4115 2053 4193 solummodo
2084 4139 2154 4195 ad

547 4214 786 4263 vestram
822 4212 1099 4283 prOpriam
1133 4217 1370 4287 pertinet
1400 4222 1719 4292 parochiam
1748 4242 1904 4297 agere
1925 4228 2153 4299 possitis

545 4295 664 4351 sine
690 4299 922 4354 consilio
960 4317 1023 4358 ac
1070 4304 1356 4383 voluntate
1403 4311 1655 4366 omnium
1704 4295 2149 4386 comprovincia-

545 4386 683 4443 lium
715 4389 1276 4465 archiepiscoporum,
1308 4404 1362 4452 et
1414 4398 1557 4456 illud
1606 4403 1782 4458 multo
1815 4403 2039 4475 majoris
2069 4415 2150 4462 est

546 4479 846 4548 potestatis,
880 4479 1023 4537 sicut
1051 4501 1081 4539 a
1126 4487 1331 4543 sanctis
1381 4488 1633 4547 Patribus
1670 4470 1989 4550 institutum
2038 4505 2143 4565 est,
2182 4470 2231 4529 D

543 4574 605 4621 ut
633 4584 757 4623 cum
791 4570 1025 4627 consilio
1058 4584 1368 4632 vestrorum
1413 4581 1969 4651 comprovincialium
2012 4600 2147 4640 coe-

542 4656 891 4728 piscoporum
921 4661 1193 4732 quidquid
1222 4681 1292 4719 ex
1320 4667 1564 4736 ipsorum
1597 4670 1799 4735 causis,
1845 4687 2144 4745 eorumque

541 4745 896 4801 ecclesiarum
927 4756 981 4802 et
1012 4750 1340 4808 clericorum
1381 4763 1543 4828 atque
1577 4758 1923 4813 saecularium
1963 4775 2142 4816 neces-

541 4832 820 4901 sitatibus,
854 4853 1011 4908 agere
1055 4850 1148 4897 aut
1196 4843 1485 4916 disponere
1513 4863 1731 4904 necesse
1761 4850 1949 4918 fuerit,
1983 4853 2028 4907 si
2059 4853 2143 4907 ni-

542 4920 621 4976 hil
652 4924 1112 4984 contradictionis
1141 4934 1443 5002 emerserit,
1494 4935 1637 4991 unde
1680 4938 2005 5009 appelletur,
2034 4949 2141 4996 tra-

537 5013 699 5067 ctetis
728 5030 790 5069 ac
822 5018 1063 5088 perfecte
1091 5020 1397 5090 diﬂiniatis,
1453 5032 1507 5079 et
1537 5025 1603 5079 de
1652 5024 1739 5081 his
1769 5035 1985 5083 tantum
2017 5046 2139 5102 qua:

540 5104 678 5158 ratio
705 5112 760 5159 et
788 5108 1082 5164 necessitas
1111 5112 1367 5182 exposcit
1413 5130 1741 5172 consensum
1789 5118 2137 5188 comprovin-

535 5191 761 5248 cialium
793 5195 1399 5270 coarchiepiscoporum
1434 5203 1744 5273 requiratis.

606 5311 836 5385 Scripsit
873 5315 1037 5371 etiam
1078 5317 1339 5388 praefatus
1370 5336 1509 5392 papa
1538 5320 1798 5379 Callistus
1822 5324 1883 5379 in
1910 5324 2021 5379 alio
2047 5342 2131 5381 ca-

536 5398 713 5467 pitulo
740 5402 807 5456 de
830 5402 930 5459 hac
957 5404 1145 5461 eadem
1186 5424 1241 5462 re
1268 5408 1336 5463 ad
1367 5409 1548 5466 locum
1581 5410 1654 5468 sit
1683 5412 1868 5482 (Ιὸἰά.)
1893 5428 1905 5465 :
1956 5436 1974 5460 ι
2001 5412 2134 5467 Nul-

537 5483 622 5537 lus
650 5488 871 5559 primas,
906 5494 1093 5550 nullus
1142 5498 1619 5569 metropolitanus,
1668 5501 1961 5573 nullusque
2009 5502 2132 5559 reli-

540 5586 773 5641 quorum
824 5580 1226 5653 episcoporum,
1260 5586 1488 5643 alterius
1515 5588 1673 5647 adeat
1703 5590 2007 5660 civitatem,
2038 5601 2133 5649 aut

2271 1846 2466 1903 cubitu
2495 1848 2625 1915 frui,
2652 1847 2710 1902 id
2739 1856 2839 1914 est,
2864 1846 3216 1903 ordinatione
3235 1846 3511 1903 ullatenus
3533 1848 3871 1905 conceditur-

2271 1935 2426 1991 Unde
2456 1936 2532 1991 ait
2561 1936 2861 2008 Apostolus
2886 1954 2897 1991 :
2945 1936 3189 2007 Alligata
3230 1941 3303 1989 est
3332 1952 3475 1989 uxor
3506 1937 3604 2007 legi
3641 1939 3868 2008 quandiu

2270 2024 2356 2077 vir
2383 2023 2496 2092 ejus
2522 2025 2653 2079 vivit
2680 2044 2698 2079 :
2737 2043 2793 2080 eo
2824 2042 2946 2079 vero
2973 2023 3235 2094 defuncto,
3270 2026 3445 2081 soluta
3474 2032 3548 2080 est
3577 2045 3613 2081 α
3645 2028 3747 2097 lege
3774 2028 3870 2082 viri

2273 2116 2450 2187 (Rom.
2482 2117 2608 2189 vn).
2646 2116 2915 2172 Similiter
2935 2124 2989 2171 et
3009 2131 3207 2187 sponsa
3232 2117 3494 2188 episcopi,
3526 2117 3657 2188 quia
3683 2133 3869 2188 sponsa

2271 2220 2520 2276 uxorque
2548 2204 2667 2275 ejus
2696 2204 2904 2261 dicitur
2929 2204 3196 2273 Ecclesia,
3222 2204 3322 2259 illo
3342 2204 3566 2260 vivente
3580 2205 3633 2260 ei
3659 2213 3739 2260 est
3768 2205 3865 2271 illi,

2272 2298 2392 2361 gata
2419 2306 2481 2345 eo
2516 2306 2648 2345 vero
2677 2291 2940 2347 defuncto
2972 2292 3152 2347 soluta
3176 2299 3277 2359 est,
3300 2291 3390 2347 cui
3412 2291 3658 2346 voluerit
3681 2291 3862 2359 nubat,

2270 2386 2485 2434 tantum
2515 2381 2574 2434 in
2630 2382 2888 2448 Domino,
2938 2381 2994 2436 id
3025 2391 3107 2438 est
3154 2381 3500 2454 regulariter.
3532 2381 3587 2438 Si
3634 2383 3783 2437 enim
3814 2398 3867 2436 eo

2269 2467 2491 2525 vivente
2527 2470 2690 2525 alteri
2717 2471 2984 2541 nupserit,
3017 2470 3268 2526 adultera
3291 2470 3657 2542 judicabitur.
3692 2471 3860 2527 Simi-

2271 2555 2395 2611 liter
2423 2564 2478 2611 et
2512 2556 2607 2613 ille
2627 2558 2673 2612 si
2703 2558 2930 2613 alteram
2960 2568 3155 2629 sponte
3184 2560 3429 2626 duxerit,
3468 2559 3691 2614 adulter
3713 2560 3863 2616 aesti-

2270 2644 2530 2713 mabitur,
2560 2655 2615 2703 et
2631 2647 3023 2703 communione
3039 2646 3370 2720 privabitur.
3390 2674 3409 2694 ι
3423 2647 3584 2716 Quod
3603 2649 3651 2702 si
3668 2648 3865 2704 solum-

2270 2735 2433 2790 modo
2463 2736 2610 2792 inter
2654 2737 2918 2810 primates
2965 2746 3018 2794 et
3060 2737 3205 2794 inter
3253 2738 3731 2810 metropolitanos,
3764 2740 3867 2794 nisi

2268 2822 2561 2880 adderetur
2590 2828 2886 2898 nullusque
2915 2828 3254 2900 reliquorum
3275 2826 3679 2899 episcoporum,
3710 2829 3865 2884 dice-

2271 2912 2402 2967 retis
2432 2913 2547 2970 fore
2577 2914 2980 2971 observandum
3015 2916 3072 2970 in
3112 2917 3389 2987 parochiis
3413 2917 3867 2989 coepiscoporum

2268 3009 2583 3058 vestrorum
2642 3005 2968 3060 auctoritate
3017 3003 3473 3076 archiepiscopali
3525 3007 3869 3078 presbyteros

2190 3119 2233 3179 Ο
2267 3105 2332 3146 ac
2360 3090 2618 3147 diacones
2646 3092 2900 3147 ordinare
2932 3108 3045 3160 eos,
3080 3108 3143 3149 ac
3172 3092 3240 3149 de
3274 3094 3354 3148 eis
3382 3110 3681 3166 eorumque
3726 3113 3865 3151 cau-

2268 3177 2361 3244 sis,
2403 3179 2521 3233 sine
2550 3181 2833 3235 voluntate
2872 3181 3140 3253 ipsorum,
3173 3183 3322 3237 solus
3354 3190 3547 3253 praeter
3588 3184 3868 3254 synodum

2262 3264 2472 3336 judicia
2502 3268 2896 3339 terminaretis,
2930 3287 2995 3326 ac
3020 3271 3254 3326 aliarum
3276 3288 3457 3326 rerum
3474 3272 3870 3343 dispositiones

2266 3355 2427 3412 vobis
2457 3357 2818 3414 vindicaretis
2850 3378 2880 3422 :,
2899 3359 3046 3431 quod
3076 3361 3231 3416 nulla
3284 3360 3595 3418 invenimus
3640 3364 3869 3419 Patrum

2267 3446 2481 3517 synodo
2509 3448 2915 3515 constitutum;
2957 3465 3058 3505 nec
3086 3449 3156 3505 ad
3201 3450 3536 3523 episcopum,
3584 3453 3635 3507 si
3674 3453 3869 3511 archi-

2267 3534 2554 3606 episcopus
2577 3551 2689 3591 non
2724 3537 2819 3605 sit,
2841 3537 3116 3608 pertinere
3143 3539 3346 3610 poterit
3375 3539 3521 3611 quod
3543 3539 3598 3594 in
3632 3539 3747 3596 hoc
3778 3558 3869 3599 ca-

2268 3623 2444 3693 pitulo
2503 3624 2757 3692 habetur,
2815 3627 3073 3697 quoniam
3121 3627 3265 3684 sicut
3323 3629 3544 3685 alterius
3584 3645 3736 3685 uxor
3779 3646 3868 3685 nec

2266 3711 2569 3767 adulterari
2589 3713 2659 3768 ab
2675 3714 2885 3787 aliquo,
2911 3716 2996 3771 vel
3013 3715 3275 3787 judicari,
3303 3724 3399 3771 aut
3425 3717 3664 3789 disponi,
3697 3720 3812 3775 nisi
3840 3736 3868 3773 a

2266 3802 2491 3872 proprio
2514 3804 2639 3857 viro
2668 3820 2733 3859 eo
2762 3804 2983 3860 vivente
3030 3806 3411 3878 permittitur:
3459 3807 3540 3864 sic
3580 3824 3689 3864 nec
3727 3826 3867 3864 uxor

2264 3889 2528 3962 episcopi,
2556 3907 2678 3963 qua:
2706 3892 2823 3963 ejus
2849 3893 3096 3950 Ecclesia
3124 3896 3210 3951 vel
3242 3896 3502 3967 parochia
3539 3896 3866 3954 indubitan-

2263 3985 2349 4033 ter
2375 3979 2726 4052 intelligitur,
2760 3999 2821 4039 ee
2842 3978 3064 4039 vivente
3090 3984 3295 4056 absque
3320 3984 3438 4056 ejus
3455 3984 3677 4056 judicio
3699 3998 3759 4045 et
3782 4005 3866 4041 vo.

2264 4067 2494 4136 luntate,
2526 4070 2682 4126 alteri
2700 4071 2972 4142 judicare,
3009 4075 3098 4129 vel
3126 4073 3437 4145 disponere,
3470 4082 3562 4129 aut
3587 4074 3718 4146 ejus
3743 4093 3868 4133 con-

2262 4155 2453 4212 cubitu
2471 4158 2603 4226 frui,
2620 4158 2676 4214 id
2695 4168 2778 4215 est
2793 4160 3163 4229 ordinatione,
3187 4163 3503 4218 nullatenus
3520 4165 3866 4222 conceditur.

2293 4312 2299 4319 ,
2334 4246 2536 4304 Lucius
2563 4265 2781 4322 quoque
2815 4266 2972 4322 papa,
2994 4268 3155 4323 quem
3191 4268 3291 4308 vos
3310 4251 3575 4324 recepisse
3600 4256 3868 4325 cognovi,

2261 4333 2379 4391 haic
2423 4337 2613 4394 eadem
2674 4339 2752 4395 sic
2810 4342 3122 4413 promulgat
3163 4341 3339 4413 (epist.
3380 4341 3520 4397 unic.
3554 4342 3654 4395 sub
3688 4344 3865 4414 init).

2275 4449 2295 4474 σι
2332 4426 2387 4481 Si
2417 4429 2540 4500 quis
2573 4431 3036 4502 metropolitanus
3078 4433 3391 4505 episcopus,
3442 4433 3549 4489 nisi
3594 4436 3759 4505 quod
3806 4434 3871 4490 ad

2259 4536 2414 4576 suam
2444 4522 2795 4580 solummodo
2815 4526 3096 4597 pr0priam
3119 4527 3360 4599 pertinet
3387 4527 3733 4599 parochiam,
3757 4531 3872 4583 sine

2256 4611 2492 4668 consilio
2512 4621 2565 4668 et
2584 4614 2873 4670 voluntate
2893 4615 3142 4670 omnium
3169 4615 3737 4689 comprovincialium
3758 4619 3866 4690 epi-

2254 4715 2569 4770 scoporum,
2604 4711 2761 4757 extra
2787 4704 3002 4775 aliquid
3030 4721 3186 4776 agere
3216 4707 3531 4773 tentaverit,
3555 4705 3771 4776 gradus
3787 4707 3871 4763 sui

2252 4789 2503 4859 periculo
2533 4789 2863 4861 subjacebit,
2885 4800 2939 4848 et
2966 4793 3113 4865 quod
3139 4795 3311 4866 egerit
3343 4794 3561 4849 irritum
3591 4793 3873 4851 habeatur

2251 4887 2305 4934 et
2357 4896 2610 4935 vacuum.
2645 4881 2917 4938 Similiter
2949 4892 3131 4940 autem
3174 4885 3499 4941 auctoritate
3547 4884 3678 4939 fulti
3723 4901 3873 4958 apo-

2249 4968 2443 5024 stolica
2463 4969 2837 5041 praecipimus,
2866 4980 2927 5027 ut
2944 4973 3131 5028 nullus
3157 4972 3636 5045 metropolitanus,
3656 4972 3871 5046 absque

2247 5064 2573 5113 ceterorum
2593 5061 2849 5115 omnium
2882 5061 3441 5133 comprovincialium
3465 5061 3865 5134 episcOporum

2246 5147 2530 5215 instantia,
2599 5150 2917 5221 aliquorum
2995 5151 3185 5206 audiat
3232 5168 3443 5219 causas,
3502 5151 3632 5222 quia
3683 5152 3866 5207 irritat-

2245 5245 2428 5303 erunt,
2465 5245 2519 5292 et
2549 5238 2664 5309 ipse
2692 5255 2934 5307 causam,
2969 5255 3067 5311 pro
3095 5241 3239 5296 facto
3273 5240 3447 5297 dabit.
3490 5266 3510 5287 ι
3550 5241 3701 5297 Ecce
3728 5241 3868 5314 quia

2245 5322 2348 5379 iste
2389 5326 2829 5398 archiepiscopos
2877 5328 3043 5383 etiam
3085 5329 3278 5384 audire
3317 5345 3509 5384 causas
3555 5329 3873 5402 queritan-

2245 5413 2385 5469 tium
2412 5415 2531 5469 sine
2561 5417 2849 5486 praesentia
2873 5417 3436 5487 comprovincialium
3461 5417 3786 5488 prohibuit.

2312 5507 2385 5560 Et
2405 5506 2533 5579 quia
2554 5507 2610 5562 in
2633 5508 2874 5579 capitulo
2904 5518 3084 5565 vestro
3115 5509 3267 5581 quod
3289 5508 3582 5581 praeposui,
3613 5508 3872 5564 habetur

2242 5594 2340 5652 sic.
2390 5620 2408 5642 ι
2453 5596 2557 5652 Sed
2588 5596 2676 5653 his
2701 5596 2911 5654 scilicet
2945 5597 3129 5655 verbis
3162 5598 3403 5667 Callisti,
3434 5608 3491 5657 et
3516 5599 3640 5654 aliis
3684 5614 3880 5670 regu—
