4056 6190
198 230 344 287 1057

1398 226 1760 285 OPUSCULA
1795 230 1885 285 ET
1926 200 2315 286 Eplsromu.

3371 237 3510 295 1058

196 383 382 437 larum
413 377 928 447 constitutionibus,
958 378 1208 435 invenies
1239 378 1346 436 hoc
1373 364 1665 435 observare
1693 379 1799 436 de—
1825 383 1876 441 A
1907 389 2026 454 pter
2054 383 2200 454 quod
2229 392 2285 438 et
2313 383 2381 439 ad
2411 383 2757 454 metropolim
2784 399 2975 439 omnes
3006 386 3253 458 undique
3281 389 3381 460 qui
3411 406 3507 445 ne.

196 472 334 527 bere
381 482 834 538 unumquemque
880 468 1366 540 metropolitanum
1420 468 1479 523 in
1516 468 1800 540 provincia

196 556 436 614 alterius
485 555 917 627 metropolitani,
950 582 966 602 -
1010 557 1232 613 accedat
1264 556 1631 628 praedecessor
1659 557 1805 612 isto-

198 663 351 713 rum,
376 646 637 701 Romamn
656 643 803 699 sedis
827 660 979 717 teque
1005 645 1234 721 antistes
1257 645 1509 714 Anicius,
1542 654 1596 701 et
1613 646 1657 701 si
1690 645 1808 701 haec

200 751 317 791 non
348 731 656 798 sufﬁciunt,
690 748 909 788 omnem
942 733 1410 805 amphibologiam
1437 734 1604 805 hujus
1634 735 1810 790 intel—

202 822 451 896 ligentiae
502 820 844 876 omnimodis
876 823 1063 893 procul
1111 830 1407 878 removeat.
1444 824 1630 895 Inquit
1659 823 1808 879 enim

201 913 286 968 sic
308 910 495 982 (Anio.
543 909 694 980 epist.
720 909 890 979 unic.)
928 928 940 965 :
986 934 1003 956 ι
1029 911 1147 982 Ipse
1168 920 1351 967 autem
1367 911 1810 984 archiepiscopus

205 1000 351 1056 nihil
369 999 438 1054 de
454 997 907 1069 coepiscoporum
929 998 1230 1066 causis,aut
1249 999 1374 1054 aliis
1397 1000 1806 1067 communibus,

198 1089 368 1161 juxta
396 1094 601 1143 statuta
637 1087 1033 1158 apostolorum,
1066 1087 1270 1158 absque
1298 1097 1633 1145 cunctorum
1674 1088 1811 1144 illo-

206 1195 333 1234 rum
363 1184 485 1248 agat
506 1175 766 1253 consilio,
797 1191 900 1231 nec
925 1175 1007 1230 illi
1040 1176 1150 1231 nisi
1179 1184 1445 1248 quantum
1475 1177 1542 1233 ad
1565 1178 1812 1250 proprias

205 1267 498 1342 parochias
543 1266 786 1338 pertinet
837 1265 955 1320 sine
989 1282 1123 1322 suo:
1158 1267 1420 1339 quoniam
1471 1267 1569 1322 tali
1617 1266 1813 1339 gaudet

208 1375 280 1413 ex
322 1354 621 1412 concordia
668 1354 1010 1423 Altissimus,
1060 1363 1116 1410 et
1141 1356 1410 1426 gloriatur
1461 1356 1519 1410 in
1551 1355 1813 1412 membris

208 1446 345 1502 suis.
398 1444 615 1516 Reliqui
674 1460 802 1499 vero
852 1443 947 1516 qui
994 1444 1131 1501 alias
1178 1444 1631 1515 metropolitanas
1659 1444 1813 1500 sedes

210 1535 394 1608 adepti
420 1541 570 1600 sunt,
608 1549 720 1587 non
753 1532 1032 1604 primates,
1070 1533 1164 1589 sed
1195 1533 1605 1605 metropolitani
1637 1534 1811 1590 nomi-

210 1633 436 1682 nentur.
471 1623 529 1678 Si
559 1631 745 1678 autem
772 1622 975 1695 aliquis
1006 1623 1557 1694 metropolitanorum
1591 1623 1814 1680 inﬂatus

1913 469 2059 541 gotia
2084 469 2346 526 videntur
2374 471 2574 528 habere
2596 480 2950 528 concurrant.
2974 472 3129 527 Unde
3158 474 3366 545 placuit
3384 493 3507 533 eum

1915 560 2123 615 honore
2179 562 2490 632 praecellere
2514 605 2528 628 ,
2590 569 2645 616 et
2684 560 2827 615 nihil
2863 562 3101 633 amplius
3156 571 3352 634 praeter
3385 581 3512 621 eum

1915 655 2139 703 caeteros
2168 648 2452 720 episcopos
2478 664 2655 719 agere,
2688 649 2991 705 secundum
3040 650 3322 721 antiquam
3351 668 3382 707 a
3410 670 3516 724 pa-

1916 738 2094 794 tribus
2124 737 2327 794 nostris
2355 739 2600 809 regulam
2629 740 3009 808 constitutam,
3041 742 3149 797 nisi
3198 758 3260 798 ea
3299 751 3514 801 tantum

1918 843 2038 899 qua:
2067 826 2135 882 ad
2183 814 2650 884 suam'dioacesim
2683 828 2979 900 pertinent,
3039 832 3517 905 possessionesque

1919 914 2211 986 subjectas.
2246 915 2633 987 Unusquisque
2680 915 2829 970 enim
2858 916 3144 987 episcopus
3196 919 3360 976 habet
3407 939 3518 978 sum

1919 1003 2192 1074 parochias
2234 1011 2555 1075 potestatem
2579 1047 2592 1073 ,
2656 1011 2720 1059 ut
2756 1013 2907 1075 regat
2937 1004 3101 1075 juxta
3154 1009 3517 1065 reverentiam

1921 1092 2154 1164 singulis
2178 1102 2600 1165 competentem,
2632 1102 2686 1150 et
2717 1094 3125 1164 providentiam
3157 1107 3308 1168 gerat
3334 1100 3520 1155 omnis

1922 1182 2281 1253 possessionis
2309 1198 2430 1254 qua:
2458 1181 2562 1238 sub
2591 1181 2709 1253 ejus
2736 1189 2817 1238 est
2862 1191 3147 1254 potestate.
3181 1185 3263 1240 lta
3291 1194 3354 1240 ut
3385 1204 3521 1257 pre-

1922 1273 2174 1344 sbyteros
2202 1281 2257 1329 et
2282 1273 2546 1330 diaconos
2574 1274 2814 1343 ordinet,
2847 1282 2901 1330 et
2929 1277 3145 1347 singula
3182 1293 3283 1332 suo
3303 1277 3520 1347 judicio

1921 1363 2385 1435 comprehendat:
2445 1365 2683 1437 amplius
2738 1374 2920 1421 autem
2972 1365 3117 1421 nihil
3153 1382 3308 1437 agere
3345 1373 3523 1423 tentet

1923 1461 2119 1525 praeter
2145 1454 2448 1510 antistitem
2480 1455 2989 1527 metropolitanum,
3017 1471 3118 1512 nec
3146 1457 3519 1528 metropolita-

1923 1561 2047 1613 nus,
2099 1546 2217 1601 sine
2244 1554 2568 1603 czeterorum
2608 1556 2757 1619 gerat
2811 1546 3047 1605 consilio
3086 1549 3452 1606 sacerdotum.
3486 1575 3505 1599 ι

1922 1636 2065 1691 Ecce
2094 1634 2404 1692 ostenditur
2462 1637 2592 1709 quia
2644 1637 3081 1694 sollicitudinem
3120 1654 3305 1710 gerere
3360 1639 3524 1696 debet

211 1713 404 1781 fuerit,
427 1720 481 1768 et
499 1711 617 1767 sine
639 1710 889 1767 omnium
911 1711 1467 1784 comprovincialium
1486 1711 1815 1782 praesentiali
1845 1738 1891 1798 B
1922 1725 2092 1780 ιοιίιιε
2122 1723 2425 1795 provincia,
2454 1726 2932 1798 metropomanus,
2965 1735 3020 1783 οι
3048 1727 3196 1800 quod
3224 1728 3293 1784 ad
3328 1737 3522 1785 ωθιιοο.

210 1801 453 1859 consilio
500 1800 907 1872 episcoporum,
939 1807 1035 1855 aut
1082 1816 1271 1856 eorum
1314 1808 1409 1856 aut
1438 1800 1573 1857 alias
1601 1816 1810 1869 causas,

212 1892 325 1947 nisi
375 1907 465 1946 eas
510 1896 724 1945 tantum
774 1906 892 1962 quas
938 1889 1005 1945 ad
1036 1891 1312 1961 propriam
1347 1907 1496 1945 suam
1538 1891 1816 1962 pertinent

212 1977 557 2051 parochiam,
599 1994 755 2051 agere
798 1987 892 2033 aut
922 1995 1015 2034 eos
1044 1995 1269 2051 gravare
1297 1980 1557 2046 voluerit,
1590 1978 1657 2034 ab
1686 1994 1817 2034 om-

216 2064 386 2119 nibus
414 2063 663 2120 districte
693 2064 1020 2136 corrigatur,
1054 2081 1123 2120 ne
1150 2064 1287 2119 talia
1315 2064 1573 2137 deinceps
1602 2082 1817 2137 praesu—

214 2169 369 2208 mere
390 2152 607 2208 audeat.
623 2153 679 2209 Si
706 2170 838 2208 vero
860 2152 1259 2225 incorrigibilis
1278 2153 1469 2226 eisque
1496 2154 1819 2209 inobediens

213 2241 555 2315 apparuerit,
596 2242 666 2299 ad
710 2242 854 2300 hanc
880 2243 1237 2314 apostolicam
1269 2243 1476 2311 sedem,
1511 2243 1601 2299 cui
1633 2242 1821 2298 omnia

214 2332 607 2405 episcoporum
632 2331 846 2403 judicia
895 2332 1176 2388 terminari
1219 2341 1491 2405 praecepta
1520 2340 1669 2399 sunt,
1703 2331 1821 2402 ejus

214 2421 572 2478 contumacia
602 2421 891 2489 referatur,
929 2428 990 2476 ut
1018 2421 1267 2477 vindicta
1292 2421 1359 2477 de
1387 2437 1451 2476 eo
1480 2420 1596 2489 fiat,
1627 2429 1681 2476 et
1708 2436 1822 2476 cae—

221 2509 331 2564 teri
382 2511 637 2566 timorem
686 2511 942 2568 habeant.
999 2511 1056 2566 Si
1098 2520 1279 2566 autem
1328 2518 1549 2583 propter
1592 2507 1822 2564 nimiam

220 2603 713 2676 longinquitatem,
742 2610 838 2658 aut
871 2602 1137 2673 temporis
1169 2600 1706 2667 incommoditatem,
1735 2599 1821 2654 vel

218 2702 447 2760 itineris
474 2701 841 2774 asperitatem,
874 2717 1038 2771 grave
1075 2700 1143 2756 ad
1171 2701 1313 2757 hanc
1341 2700 1523 2755 sedem
1554 2697 1671 2770 ejus
1701 2714 1824 2754 cau-

219 2809 344 2849 sam
379 2792 591 2848 deferre
620 2790 808 2857 fuerit,
838 2798 969 2845 tunc
996 2788 1065 2844 ad
1093 2788 1212 2860 ejus
1242 2788 1529 2861 primatem
1554 2803 1716 2845 causa
1737 2786 1825 2843 de-

222 2890 463 2954 feratur,
492 2894 545 2943 et
574 2902 738 2958 penes
768 2885 949 2956 ipsum
982 2884 1148 2955 hujus
1184 2894 1385 2941 sanctae
1419 2884 1563 2940 sedis
1590 2881 1828 2938 auctori-

224 2986 344 3032 tate
387 2976 702 3047 judicetur.
758 2973 1047 3038 Similiter,
1096 2974 1142 3028 si
1191 2973 1392 3046 aliquis
1446 2972 1825 3044 episcoporum

221 3066 517 3139 proprium
539 3062 1029 3135 metropolitanum
1050 3071 1363 3134 suspectum
1387 3061 1662 3128 habuerit,
1685 3057 1831 3131 apud

222 3156 520 3228 primatem
574 3153 889 3219 diueceseos,
941 3160 1036 3207 aut
1096 3150 1241 3222 apud
1292 3151 1434 3208 hanc
1472 3149 1828 3223 apostolicam

222 3243 416 3299 sedem
459 3242 751 3299 audiatur:
790 3242 892 3309 Qui
922 3241 1099 3311 major
1126 3248 1201 3295 est
1232 3248 1485 3306 vestrum,
1526 3239 1832 3297 secundum

216 3331 556 3403 jussionem,
627 3333 698 3386 sit
767 3338 930 3387 vester
978 3331 1218 3387 minister
1259 3331 1498 3402 (Matth.
1538 3330 1699 3401 xx);
1738 3335 1828 3384 et:

229 3422 448 3487 Quanto
475 3421 655 3491 major
681 3437 751 3488 es,
786 3421 844 3474 in
873 3420 1111 3474 omnibus
1140 3418 1365 3473 humilia
1392 3419 1610 3489 teipsum
1640 3416 1832 3489 (Eccli.

229 3509 352 3579 In).
405 3507 758 3574 Charissimi,
816 3507 987 3560 nolite
1014 3506 1157 3560 inter
1186 3522 1284 3560 vos
1331 3505 1681 3572 contendere,
1736 3523 1839 3564 nec

225 3604 447 3671 quaerat
475 3595 681 3667 aliquis
702 3592 877 3662 major
897 3608 1031 3660 esse,
1054 3592 1168 3659 sed,
1193 3591 1355 3663 juxta
1377 3596 1724 3666 Apostolum,
1746 3595 1837 3652 di-

225 3687 398 3758 ligite
427 3702 527 3739 vos
557 3682 821 3749 invicem,
857 3682 1117 3755 quoniam
1148 3682 1385 3738 charitas
1411 3700 1481 3739 ex
1508 3686 1622 3740 Deo
1650 3694 1752 3754 est,
1786 3694 1842 3741 et

223 3774 426 3831 omnis
475 3772 570 3844 qui
626 3770 809 3840 diligit
854 3787 922 3826 ex
969 3773 1082 3826 Deo
1130 3780 1290 3828 natus
1334 3783 1434 3840 est,
1477 3780 1530 3828 et
1559 3775 1840 3847 cognoscit

228 3866 439 3921 Deum.
474 3859 580 3927 Qui
624 3873 736 3913 non
781 3858 984 3930 diligit,
1018 3876 1132 3915 non
1163 3861 1320 3916 novit
1347 3863 1543 3930 Deum,
1577 3864 1840 3935 quoniam

232 3958 389 4011 Deus
416 3950 655 4008 charitas
684 3957 767 4005 est
809 3951 866 4021 (Ι
909 3952 1068 4006 Joan.
1101 3952 1205 4022 ιν).
1240 3978 1257 3999 ι·
1300 3953 1599 4009 Enimvero
1629 3954 1838 4022 dicens,

252 4065 272 4088 ε
308 4043 429 4113 Ipse
456 4057 589 4096 vero
619 4046 803 4093 autem
833 4038 1279 4111 archiepiscOpus
1307 4039 1447 4094 nihil
1479 4041 1547 4095 de
1570 4043 1842 4113 coepisco-

245 4146 445 4203 porum
488 4115 690 4195 causis,
723 4134 818 4182 aut
862 4127 986 4183 aliis
1015 4127 1424 4196 communibus,
1452 4127 1616 4199 juxta
1643 4136 1845 4185 statuta

244 4220 645 4294 apostolorum,
688 4218 893 4290 absque
938 4226 1266 4275 cunctorum
1298 4218 1521 4274 illorum
1551 4227 1670 4292 agat
1700 4237 1844 4276 con-

245 4309 397 4375 silio,
430 4335 448 4357 ι
493 4305 883 4378 distinguendo
902 4306 1046 4362 nihil
1076 4306 1142 4362 de
1171 4307 1619 4380 coepiscoporum
1645 4309 1842 4379 causis,

245 4414 361 4454 non
411 4394 479 4451 de
526 4394 1130 4467 coarchiepiscoporum
1160 4396 1842 4468 permittit‘interpretari.

246 4483 549 4544 Subdendo
578 4500 817 4557 quoque,
850 4507 867 4529 α
895 4483 1099 4556 absque
1119 4491 1444 4540 cunctorum
1475 4485 1697 4540 illorum
1728 4494 1848 4558 agat

246 4574 509 4640 consilio,
533 4598 550 4620 ι
588 4572 835 4638 illorum,
861 4572 1004 4644 quod
1038 4581 1118 4626 est
1141 4588 1444 4643 pronomen
1472 4573 1762 4629 relativum
1785 4592 1846 4631 ac

250 4662 774 4729 demonstrativum,
824 4662 892 4717 ad
935 4678 1193 4733 personas
1238 4661 1462 4733 respicit
1490 4664 1849 4736 coepiscopo-

245 4770 397 4821 rum,
432 4769 532 4808 nec
562 4752 699 4807 sinit
731 4750 1020 4807 subaudiri
1050 4750 1677 4825 coarchiepiscoporum.

325 4842 515 4897 Trium
565 4843 795 4897 istorum
844 4840 925 4896 sic
968 4839 1214 4912 posuisse
1249 4842 1486 4897 sufﬁciat
1513 4842 1847 4912 testimonia,

250 4932 457 5007 quibus
478 4930 676 5002 reliqui
702 4929 1013 5001 apostolicae
1036 4929 1180 4986 sedis
1200 4931 1486 5001 pontiﬁces
1505 4931 1853 5004 astipulando

252 5026 605 5078 attestantur.
638 5020 710 5074 Et
748 5020 952 5075 clarere
983 5012 1166 5086 credo,
1200 5019 1330 5091 quia
1372 5036 1435 5074 ea
1471 5037 1591 5093 quae
1623 5021 1690 5076 de
1721 5020 1855 5078 Cal-

255 5112 371 5168 listi
404 5128 555 5185 papae
592 5120 1023 5184 ceterorumque
1054 5125 1279 5165 suorum
1308 5110 1767 5180 praedecessorum
1794 5128 1856 5168 ac

256 5217 634 5258 successorum
657 5198 1148 5257 constitutionibus
1166 5197 1385 5271 collegi,
1414 5215 1525 5253 non
1554 5215 1739 5269 prave,
1763 5200 1857 5256 sed

258 5291 421 5363 plane
476 5288 760 5347 intellexi.
802 5290 1059 5347 Decernit
1115 5289 1262 5345 enim
1322 5288 1733 5345 Antiochenum
1781 5290 1860 5345 ita

258 5381 565 5437 concilium
619 5381 773 5453 (can.
807 5381 878 5453 9)
924 5399 936 5437 :
1003 5404 1020 5428 ‹
1070 5380 1172 5435 Per
1216 5378 1458 5449 singulas
1486 5377 1720 5450 rejiones
1749 5379 1859 5452 epi-

260 5486 458 5543 scopos
521 5471 783 5527 convenit
841 5485 1019 5539 nosse,
1080 5468 1563 5541 metropolitanum
1637 5469 1860 5541 episco—

264 5581 396 5636 pum
450 5565 885 5622 sollicitudinem
932 5563 1100 5621 totius
1128 5561 1427 5635 provinciae
1458 5576 1642 5632 gerere
1675 5579 1687 5617 :
1722 5578 1859 5634 pro-

1924 1816 2095 1888 polim
2123 1833 2215 1873 eos
2243 1816 2337 1889 qui
2368 1817 2586 1890 negotia
2616 1817 2817 1875 habere
2865 1818 3146 1887 videntur,
3198 1836 3525 1877 concurrere

1925 1913 2194 1976 oporteat.
2226 1904 2374 1971 Quid
2395 1914 2580 1961 tamen
2611 1906 2739 1962 inde
2760 1908 3172 1980 exsequendum
3210 1908 3523 1979 metropoli-

1926 1994 2042 2048 tani
2066 1995 2140 2050 sit
2170 1994 2564 2062 sollicitudini,
2600 2011 2712 2049 non
2743 1994 2800 2049 in
2832 1994 2937 2050 hoc
2963 1996 3206 2067 capitulo
3241 1997 3528 2053 evidenter

1928 2082 2278 2154 exprimitur,
2310 2081 2441 2155 quia
2465 2081 2557 2137 hic
2586 2082 2774 2136 omnia
2793 2082 3186 2154 comprehendi
3207 2099 3319 2138 non
3341 2090 3528 2154 potue-

1928 2178 2060 2226 runt
2088 2179 2285 2242 printer
2315 2169 2421 2225 hoc
2451 2169 2598 2241 quod
2627 2169 2855 2238 dicitur,
2898 2193 2917 2217 ι
2946 2186 3049 2227 nec
3073 2171 3530 2243 metropolitanus

1929 2259 2047 2315 sine
2076 2266 2399 2315 caeterorum
2432 2266 2580 2330 gerat
2608 2258 2844 2313 consilio
2874 2259 3242 2315 sacerdotum.
3276 2284 3295 2306 ι

2001 2345 2106 2401 Sed
2137 2345 2267 2400 inde
2295 2344 2537 2417 apertius
2561 2345 2887 2402 Africanum
2916 2346 3164 2402 decernit
3203 2347 3524 2404 concilium:

1946 2459 1964 2482 ε
1993 2435 2129 2490 Imm
2159 2433 2366 2505 placuit
2395 2441 2458 2488 ut
2488 2433 2814 2506 presbyteri,
2843 2434 3084 2501 diaconi,
3110 2436 3196 2490 vel
3223 2437 3405 2490 caeteri
3426 2437 3531 2490 cle-

1934 2523 2036 2580 rici
2062 2523 2370 2590 inferiores,
2400 2521 2460 2577 in
2489 2522 2667 2578 causis
2696 2538 2829 2594 quas
2859 2521 3172 2587 habuerint,
3204 2522 3253 2577 si
3277 2522 3345 2578 de
3366 2522 3532 2594 judi-

1933 2613 2035 2669 ciis
2059 2612 2439 2685 episcoporum
2471 2629 2699 2689 suorum
2734 2612 2912 2684 questi
2942 2611 3171 2680 fuerint,
3204 2612 3378 2669 vicini
3407 2613 3536 2684 epi—

1934 2701 2086 2774 sc0pi
2116 2716 2208 2756 eos
2228 2717 2355 2757 cum
2377 2716 2648 2757 consensu
2676 2701 2760 2757 sui
2783 2700 3024 2773 episcopi
3044 2700 3292 2768 audiant,
3318 2709 3373 2755 et
3391 2701 3537 2758 inter

1935 2806 2028 2847 eos
2054 2789 2332 2845 difﬁniant
2359 2788 2597 2844 adhibiti
2627 2787 2695 2843 ab
2724 2789 2803 2844 eis
2830 2789 3092 2860 episcopi.
3122 2789 3280 2856 Quod
3311 2789 3357 2844 si
3387 2798 3442 2846 et
3468 2789 3537 2846 ab

1936 2879 2016 2935 eis
2046 2879 2458 2951 provocandum
2493 2878 2830 2949 putaverint,
2856 2887 3157 2950 provocent
3185 2878 3253 2934 ad
3274 2879 3541 2950 primates

1938 2985 2161 3024 suarum
2195 2968 2629 3040 provinciarum,
2659 2968 2803 3024 sicut
2842 2976 2896 3024 et
2923 2968 2992 3024 de
3021 2968 3291 3041 episcopis
3319 2969 3539 3025 consti-

1863 3088 1907 3148 Ο
1940 3065 2123 3112 tutum
2154 3065 2255 3113 est.
2290 3082 2307 3104 ι

2013 3149 2086 3203 Et
2105 3148 2164 3203 in
2186 3146 2497 3204 Sardicensi
2518 3147 2596 3201 ita
2614 3147 2797 3202 adhuc
2820 3147 2986 3202 latius
3014 3146 3248 3201 habetur
3277 3148 3537 3203 concilio:

1944 3236 2107 3293 Osius
2127 3235 2415 3307 episcopus
2430 3234 2577 3289 dixit
2598 3236 2740 3305 (can.
2770 3236 2881 3305 16):
2907 3236 3023 3291 Hoc
3045 3251 3262 3307 quoque
3282 3237 3543 3292 omnibus

1943 3327 2145 3398 placet,
2169 3332 2233 3380 ut
2262 3324 2309 3379 si
2337 3324 2623 3390 diaconus,
2653 3323 2770 3379 sive
2800 3325 3103 3396 presbyter,
3145 3324 3263 3380 sive
3292 3326 3415 3396 quis
3434 3327 3540 3382 cle-

1946 3413 2209 3479 ricorum,
2238 3413 2305 3468 ab
2333 3412 2587 3484 episcOpo
2610 3429 2710 3467 suo
2735 3413 3125 3469 communione
3156 3414 3327 3470 fuerit
3356 3414 3540 3486 priva-

1944 3510 2054 3570 tus,
2077 3510 2132 3558 et
2151 3502 2219 3558 ad
2238 3503 2473 3557 alterum
2495 3503 2797 3573 perrexerit
2818 3504 3157 3574 episcopum,
3183 3513 3236 3560 et
3264 3503 3445 3560 sciens
3475 3504 3543 3560 ad

1948 3606 2109 3662 quem
2139 3590 2469 3662 confugerit,
2499 3607 2624 3646 eum
2657 3589 2724 3646 ab
2766 3590 3020 3663 episcopo
3050 3608 3150 3647 suo
3182 3592 3353 3649 fuisse
3385 3591 3545 3663 abje-

1948 3686 2118 3747 ctum,
2169 3694 2282 3734 non
2334 3686 2548 3751 oportet
2592 3687 2653 3736 ut
2677 3679 2727 3735 ei
2751 3680 3201 3735 communionem
3241 3679 3542 3752 indulgeat.

1948 3767 2105 3834 Quod
2133 3768 2180 3823 si
2215 3768 2425 3836 fecerit,
2462 3768 2599 3824 sciat
2627 3784 2683 3823 se
2717 3768 3034 3825 convocatis
3062 3769 3336 3842 episc0pis
3358 3786 3548 3827 causas

1950 3874 2066 3914 esse
2084 3857 2384 3914 dicturum.
2414 3857 2671 3913 Universi
2692 3856 2986 3913 dixerunt:
3027 3883 3045 3905 ι
3066 3858 3182 3916 Hoc
3207 3866 3475 3917 statutum
3496 3869 3550 3917 et

1951 3956 2153 4019 pacem‘
2185 3946 2451 4014 servabit,
2491 3954 2545 4002 et
2581 3946 2934 4005 concordiam
2971 3947 3264 4004 custodiet.
3299 3974 3317 3997 ι
3360 3950 3433 4004 Et
3481 3965 3551 4007 ne
3644 3962 3656 3975 ‘

1953 4035 2064 4091 dici
2093 4035 2265 4107 possit
2293 4036 2399 4090 hoc
2427 4035 2854 4108 archiepiscopis
2882 4052 2995 4092 non
3021 4036 3378 4109 przejudicare
3405 4038 3551 4112 capi-

1952 4123 2153 4191 tulum,
2195 4122 2255 4176 in
2298 4139 2362 4177 eo
2401 4123 2549 4193 quod
2588 4124 2790 4194 inquit,
2839 4148 2856 4172 ι
2886 4134 2948 4181 ut
2978 4126 3096 4181 sive
3127 4126 3412 4197 diaconus,
3437 4128 3555 4184 sive

1954 4212 2380 4285 presbyter,sive
2396 4211 2520 4284 quis
2536 4212 2885 4280 clericorum,
2909 4213 2978 4268 ab
2999 4216 3254 4286 episcopo
3273 4235 3373 4273 suo
3392 4236 3556 4275 com-

1954 4307 2219 4363 munione
2250 4306 2420 4362 fuerit
2456 4307 2725 4378 privatus,
2767 4313 2820 4360 et
2871 4305 2939 4361 ad
2977 4308 3210 4362 alterum
3252 4312 3554 4379 perrexerit

1956 4393 2317 4466 episcopum,»
2360 4392 2491 4466 quia
2511 4409 2623 4449 non
2658 4392 2904 4462 admisit,
2949 4400 3043 4448 aut
3069 4394 3139 4449 ad
3178 4394 3556 4467 archiepisco-

1957 4500 2109 4556 pum,
2146 4500 2376 4556 sequens
2419 4484 2486 4538 de
2514 4483 2617 4540 hac
2644 4483 2831 4540 eadem
2862 4501 2919 4539 re
2948 4483 3269 4554 diligentius
3308 4485 3554 4555 ejusdem

1956 4573 2179 4630 concilii
2238 4581 2610 4645 perscrutatur
2661 4572 2985 4644 capitulum.
3042 4574 3205 4630 Osius
3250 4575 3555 4648 Episcopus

1958 4662 2104 4718 dixit
2154 4662 2295 4734 (can.
2330 4662 2460 4733 i7):
2520 4660 2681 4727 Quod
2711 4677 2798 4717 me
2844 4662 3025 4719 adhuc
3080 4672 3264 4719 movet
3328 4664 3555 4721 reticere

1958 4768 2071 4808 non
2101 4751 2292 4807 debeo.
2324 4750 2381 4807 Si
2413 4751 2703 4824 episcopus
2733 4751 2858 4823 quis
2888 4753 3030 4809 forte
3059 4753 3377 4822 iracundus,
3408 4753 3557 4827 quod

1961 4859 2076 4900 esse
2106 4860 2219 4899 non
2247 4842 2429 4913 debet,
2455 4842 2567 4899 cito
2586 4850 2641 4898 et
2669 4859 2857 4915 aspere
2878 4854 3261 4902 commovetur
3295 4845 3554 4901 adversus

1962 4932 2343 5005 presbyterum
2354 4932 2471 4988 sive
2487 4931 2782 4988 diaconum
2798 4941 3040 5001 suum,et
3051 4934 3417 4990 exterminare
3432 4947 3558 4985 eum

1963 5020 2204 5075 voluerit
2240 5020 2308 5075 de
2342 5020 2591 5089 ecclesia,
2631 5020 3040 5092 providendum
3078 5030 3161 5076 est
3194 5037 3262 5074 ne
3294 5021 3559 5075 innocens

1965 5106 2278 5176 damnetur,
2318 5117 2412 5164 aut
2448 5110 2639 5180 perdat
2676 5109 3160 5174 communionem;
3210 5115 3265 5162 et
3293 5106 3428 5172 ideo,
3450 5106 3560 5161 ha-

1964 5197 2090 5253 beat
2109 5205 2431 5268 potestatem
2453 5198 2499 5253 is
2519 5199 2613 5270 qui
2632 5198 2878 5270 abjectus
2897 5206 2999 5265 est,
3021 5205 3083 5252 ut
3111 5196 3392 5268 episcopos
3421 5195 3560 5250 ﬁni-

1964 5286 2132 5343 timos
2162 5287 2494 5360 interpellet,
2526 5296 2579 5342 et
2599 5304 2760 5344 causa
2778 5286 2895 5359 ejus
2925 5286 3198 5354 audiatur,
3221 5302 3285 5343 ac
3312 5285 3561 5358 diligen-

1967 5376 2080 5433 tius
2107 5382 2391 5443 tractetur,
2416 5376 2545 5447 quia
2575 5392 2687 5431 non
2716 5384 2931 5448 oportet
2952 5376 3001 5430 ei
3023 5375 3209 5447 negari
3223 5374 3560 5451 audientiam

1970 5470 2204 5543 roganti.
2237 5470 2308 5525 Et
2336 5470 2431 5525 ille
2459 5469 2765 5541 episcopus,
2799 5470 2893 5542 qui
2919 5470 3069 5541 juste
3093 5476 3189 5524 aut
3210 5469 3416 5541 injuste
3434 5484 3560 5525 eum

1970 5560 2188 5633 abjecit,
2220 5560 2490 5633 patienter
2528 5557 2761 5630 accipiat
2799 5566 2861 5615 ut
2891 5558 3173 5631 negotium
3211 5559 3559 5627 discutiatur,
