4056 6190
385 208 400 219 “
470 219 607 275 1059

1494 204 1839 263 HINCMARI
1880 199 2367 259 LUGDUNENSIS
2401 198 2717 255 EPISCOPI

3624 189 3782 245 ιοθθ

469 375 529 425 ut
557 368 646 422 vel
677 366 938 439 probetur
963 361 1234 419 sententia
1253 358 1371 429 ejus
1394 373 1426 413 a
1452 356 1729 427 plurimis,
1763 355 1849 409 vel
1872 368 2060 409 emen-
2092 355 2141 412 A
2170 349 2360 405 Dicam
2397 356 2577 403 tamen
2626 362 2724 418 pro
2770 342 2961 439 multis
2986 356 3107 415 quae
3138 354 3236 439 suo
3262 340 3384 395 loco
3417 339 3789 410 exsequenda

466 456 646 513 detur.
669 455 873 510 Tamen
896 452 1210 524 priusquam
1229 446 1415 503 omnia
1435 445 1729 515 diligenter
1747 451 1800 498 et
1820 443 2057 499 ﬁdeliter

467 545 870 610 examinentur,
903 557 1028 596 eum
1061 539 1152 610 qui
1187 536 1353 591 fuerit
1378 551 1410 589 a
1439 533 1827 589 communione
1847 548 2056 603 separa-

466 642 574 702 tus,
616 642 743 690 ante
781 629 1150 701 cognitionem
1191 626 1380 682 nullus
1434 621 1594 677 debet
1632 634 1958 691 praesumere
1999 624 2059 670 ut

468 740 591 779 eum
617 716 1001 778 communioni
1032 715 1221 772 societ.
1252 714 1320 769 Hi
1351 728 1481 766 vero
1511 710 1606 783 qui
1633 703 2059 764 conveniuntad

467 811 825 877 audiendum,
850 810 895 864 si
927 805 1171 862 viderint
1200 803 1524 859 clericorum
1556 814 1671 855 esse
1693 795 1976 852 fastidium
2006 801 2061 848 et

466 900 798 975 superbiam,
817 898 945 969 quia
959 895 1073 966 jam
1094 909 1205 950 non
1227 891 1380 947 decet
1408 897 1468 944 ut
1489 887 1777 959 episcopus
1799 883 2057 975 injuriam

466 972 553 1047 vel
602 985 996 1046 contumeliam
1046 982 1306 1055 patiatur,
1336 976 1707 1035 severioribus
1753 991 1847 1029 eos
1875 972 2060 1029 verbis

467 1081 756 1151 castigent,
788 1084 849 1131 ut
870 1073 1129 1130 obediant
1150 1072 1379 1126 honesta
1401 1065 1741 1140 praecipienti
1761 1065 2017 1135 episcopo
2042 1081 2055 1119 :

467 1171 594 1244 quia
613 1170 757 1224 sicut
781 1166 874 1221 ille
899 1162 1116 1220 clericis
1145 1161 1417 1216 sincerum
1444 1157 1705 1244 exhibere
1731 1154 2057 1244 debetamo-

466 1241 579 1311 rem
610 1252 914 1320 cbaritatis,
941 1251 1017 1307 ita
1042 1264 1257 1322 quoque
1280 1244 1526 1302 vicissim
1556 1241 1797 1298 ministri
1818 1241 2061 1296 infucata

466 1344 665 1400 debent
688 1342 944 1415 episcopo
975 1357 1074 1396 suo
1117 1336 1378 1393 exhibere
1407 1333 1688 1405 obsequia.
1720 1356 1737 1379 ι
1779 1330 1937 1397 Quod
1964 1329 2061 1385 di—

466 1436 610 1491 citur
639 1434 752 1501 hic,
799 1459 816 1481 -
854 1432 1049 1488 habeat
1080 1435 1398 1502 potestatem
1430 1426 1478 1481 is
1505 1424 1600 1496 qui
1628 1422 1870 1493 abjectus
1897 1431 1977 1477 est
1998 1429 2060 1477 ut

466 1526 750 1597 episcopos
778 1521 1050 1579 ﬁnitimos
1076 1516 1407 1588 interpellet,
1437 1521 1491 1569 et
1521 1529 1683 1569 causa
1714 1512 1834 1583 ejus
1862 1510 2063 1567 audia-

468 1623 563 1671 tur
593 1632 657 1671 ac
682 1612 1006 1684 diligentius
1031 1616 1316 1674 tractetur,
1347 1604 1477 1677 quia
1506 1620 1617 1659 non
1645 1610 1862 1675 oportet
1890 1601 1936 1657 ei
1971 1617 2060 1656 ne-

466 1704 574 1775 gati
602 1701 936 1759 audientiam
969 1697 1207 1771 roganti,
1232 1722 1250 1745 ι
1284 1702 1432 1768 patet
1459 1693 1588 1765 quia
1614 1693 1744 1748 dum
1776 1690 1842 1747 ad
1866 1697 2060 1745 metro-
2091 1717 2136 1775 Β
2170 1703 2299 1751 sunt
2330 1712 2448 1767 quae
2470 1696 2611 1750 ﬁunt
2635 1702 2900 1767 quantum
2932 1711 3039 1766 quo
3068 1693 3257 1750 animo
3290 1693 3453 1761 ﬁunt,
3488 1718 3505 1742 ι

465 1793 636 1865 polim
661 1792 740 1847 uti
768 1788 1175 1849 Antiocbeuum
1208 1784 1346 1841 dicit
1374 1783 1672 1839 concilium
1695 1779 2056 1843 concurrerit,

465 1898 527 1937 ac
547 1880 885 1936 audientiam
916 1877 983 1932 ab
1002 1876 1257 1947 episcopo
1286 1871 1558 1942 rogaverit
1587 1869 1681 1941 qui
1715 1867 2061 1924 sollicitudi-

464 1988 587 2027 nem
613 1968 910 2041 provincia:
931 1967 1089 2036 gerit,
1116 1965 1208 2018 ille
1235 1963 1328 2034 qui
1360 1962 1604 2031 abjectus
1627 1968 1708 2015 est
1734 1966 2054 2030 potestatem

465 2059 690 2123 habens,
736 2055 1006 2110 ﬁnitimos
1032 2052 1314 2123 episcopos
1359 2049 1427 2102 ad
1457 2050 1562 2103 boc
1586 2048 1782 2103 debere
1821 2062 2059 2116 congre-

465 2144 600 2217 gari,
629 2143 722 2217 qui
749 2142 1027 2213 negotium
1053 2139 1429 2205 discutientes,
1460 2145 1553 2193 aut
1600 2135 1911 2208 probabunt
1938 2152 2056 2191 sen-

468 2234 692 2289 tentiam
720 2231 962 2304 episcopi
1009 2237 1104 2286 aut
1139 2226 1545 2284 emendabunt:
1580 2242 1700 2297 qum
1742 2241 1773 2279 a
1802 2225 2058 2295 plurimis

465 2331 547 2381 est
578 2321 862 2388 mutanda,
897 2336 1009 2376 non
1037 2319 1210 2375 solius
1229 2316 1627 2388 archiepiscopi
1657 2314 2057 2371 deliberatione

465 2411 814 2479 destruenda,
839 2409 968 2482 quia
986 2407 1133 2481 quod
1155 2406 1411 2462 subditur
1439 2424 1449 2461 :
1481 2430 1499 2451 ‹
1520 2406 1721 2460 Tamen
1742 2403 2055 2476 priusquam

464 2502 649 2559 omnia
676 2502 972 2573 diligenter
999 2507 1054 2555 et
1083 2496 1320 2554 ﬁdeliter
1348 2495 1754 2561 examinentur,
1806 2510 1929 2549 eum
1963 2491 2056 2565 qui

464 2597 639 2650 fuerat
674 2609 706 2647 a
747 2591 1137 2647 communione
1180 2595 1479 2659 separatus,
1530 2593 1656 2640 ante
1686 2585 2057 2656 cognitionem

464 2686 651 2740 nullus
669 2681 831 2738 debet
851 2695 1177 2753 praesumere
1197 2687 1260 2734 ut
1279 2694 1404 2733 eum
1426 2674 1805 2733 communioni
1829 2674 2042 2741 societ,»

465 2789 575 2829 non
602 2770 818 2842 excepit
849 2766 1494 2840 archiepiscopum-quia
1513 2765 1609 2821 ubi
1625 2765 1830 2821 dicitur
1850 2763 2057 2828 nullus,

465 2878 574 2918 non
604 2860 919 2933 supersedet
947 2860 1115 2914 ullus.

533 2957 815 3013 Nicaenum
847 2970 1064 3026 quoque
1094 2953 1228 3025 quid
1256 2969 1325 3007 ex
1351 2953 1455 3009 hoc
1475 2954 1731 3009 decernat
1756 2950 2056 3021 concilium

2166 448 2331 497 erunt
2351 438 2603 511 paucula.
2627 435 2863 493 Domino
2893 434 3111 490 dicente
3130 433 3308 504 primo
3326 434 3536 505 parenti
3555 440 3785 500 nostro,

2169 531 2224 585 in
2269 544 2598 602 quocunque
2645 528 2735 582 die
2784 542 2853 581 ex
2897 526 3047 597 ligno
3076 523 3181 579 sibi
3228 523 3404 578 vetito
3432 523 3787 590 comederet,

2167 618 2315 690 quod
2364 626 2539 674 morte
2579 624 2884 671 moreretur
2915 616 3069 686 (Gen.
3104 612 3193 681 ιι),
3227 628 3336 667 non
3372 612 3499 668 ideo
3528 611 3681 667 dixit
3718 619 3791 666 ut

2168 727 2262 781 pse
2299 708 2612 765 comederet
2640 714 2695 762 et
2722 714 2895 762 morte
2926 711 3249 771 moreretur,
3282 703 3495 760 scilicet
3525 720 3786 775 corpore

2168 811 2222 860 et
2270 804 2489 860 anima:
2528 802 2622 858 sed
2664 802 2788 858 ideo
2836 802 2976 859 illud
3008 801 3216 869 intulit,
3250 817 3316 857 ne
3345 802 3684 869 comederet,
3727 807 3790 856 et

2168 910 2281 949 non
2324 900 2501 949 morte
2549 901 2872 957 moreretur,
2929 893 3023 949 sed
3060 892 3178 946 vita
3214 890 3447 946 viveret.
3494 891 3790 947 Suadente

2168 989 2350 1038 autem
2400 982 2643 1052 diabolo,
2688 989 2748 1037 ut
2788 981 2833 1036 si
2881 997 2951 1037 ex
3004 980 3155 1051 ligno
3201 980 3372 1035 vetito
3422 979 3792 1049 comederent

2169 1072 2311 1127 sicut
2338 1072 2418 1127 dii
2447 1080 2627 1128 essent
2672 1070 2866 1137 futuri,
2897 1070 3110 1125 scilicet
3142 1076 3393 1140 parentes
3418 1067 3615 1136 nostri,
3656 1085 3783 1123 non

2171 1160 2294 1216 ideo
2326 1161 2595 1231 persuasit
2626 1168 2688 1216 ut
2717 1160 2911 1215 ﬁerent
2948 1159 3096 1232 quod
3138 1157 3526 1230 praetendebat,
3568 1158 3666 1213 sed
3719 1166 3789 1212 ut

2171 1252 2485 1307 amitterent
2526 1267 2640 1305 esse
2687 1249 2833 1323 quod
2876 1248 3043 1304 ﬁendi
3072 1256 3230 1303 erant
3267 1247 3311 1302 si
3342 1264 3451 1302 non
3480 1248 3779 1304 comedis-

2170 1349 2309 1397 sent.
2341 1342 2478 1397 Ecce
2511 1339 2637 1412 quia
2671 1337 2989 1394 interdictio
3022 1336 3245 1393 Domini
3279 1336 3343 1391 ad
3374 1336 3477 1391 hoc
3504 1337 3784 1406 praecede-

2172 1430 2283 1497 bat,
2333 1438 2395 1484 ut
2441 1446 2587 1483 mors
2636 1428 2979 1495 evaderetur,
3035 1427 3302 1482 resolutio
3328 1426 3531 1480 diaboli
3559 1427 3628 1481 ad
3659 1427 3783 1481 hoc

2173 1516 2493 1584 inducta,ut
2513 1516 2629 1569 vita
2649 1522 3026 1570 evacuaretur.
3049 1515 3119 1569 Et
3140 1514 3270 1586 quia
3299 1512 3600 1569 secundum
3632 1512 3782 1567 illud

2171 1623 2321 1678 papae
2362 1605 2661 1661 Alexandri
2693 1614 2978 1672 statutum,
3017 1630 3035 1651 ε
3061 1621 3170 1659 non
3193 1612 3408 1660 tantum
3439 1601 3781 1658 attendenda

3547 1711 3676 1749 Clllll
3708 1710 3779 1748 ex

2169 1784 2365 1839 ordine
2392 1800 2490 1839 suo
2522 1784 2643 1839 loco
2671 1791 2723 1837 et
2750 1791 2993 1854 tempore
3022 1782 3179 1852 cujus
3210 1790 3292 1838 est
3324 1798 3501 1837 meam
3539 1782 3779 1837 audierit

2170 1873 2637 1939 interdictionem,
2659 1872 2933 1944 judicabit
2961 1889 3068 1944 quo
3095 1872 3303 1940 animo,
3327 1889 3435 1944 qua
3464 1872 3777 1928 intentione

2168 1976 2284 2014 eam
2310 1960 2552 2027 fecerim,
2577 1969 2764 2015 utrum
2794 1977 2901 2030 quo
2932 1976 2999 2015 ex
3018 1976 3075 2016 ea
3098 1960 3320 2032 aliquod
3352 1962 3563 2017 malum
3589 1961 3771 2017 subse-

2168 2058 2443 2123 queretur,
2499 2059 2594 2106 aut
2638 2050 2875 2122 alicujus
2939 2051 3242 2123 periculum
3293 2052 3638 2124 procederet,
3678 2062 3773 2109 aut

2168 2142 2321 2196 locus
2366 2139 2613 2197 violandi
2654 2140 2971 2211 apostolicae
3016 2141 3160 2197 sedis
3188 2142 3407 2197 decreta
3438 2144 3766 2214 aperiretur,

2168 2242 2281 2301 aut,
2326 2240 2383 2287 ut
2433 2232 2507 2287 ita
2542 2232 2742 2300 dicam,
2788 2230 3142 2303 delinquendi
3186 2241 3380 2287 contra
3409 2249 3606 2289 omnes
3636 2235 3776 2307 leges

2166 2330 2277 2377 tam
2322 2320 2539 2375 divinas
2584 2336 2748 2391 quam
2778 2318 3048 2375 humanas
3079 2319 3312 2375 facultas
3344 2321 3614 2377 daretur:
3652 2341 3776 2378 nam

2166 2410 2256 2490 lex_
2309 2419 2527 2482 propter
2574 2417 2998 2481 transgressores
3050 2409 3227 2481 posita
3282 2420 3407 2477 est;
3468 2428 3541 2466 an
3573 2420 3635 2467 ut
3665 2413 3777 2468 haec

2166 2516 2234 2554 ne
2284 2499 2475 2555 ﬁerent
2530 2506 2771 2570 satagere
2811 2499 3100 2554 maluerim
3150 2498 3523 2557 nihilominus
3556 2501 3773 2573 ponde-

2170 2590 2331 2645 rabit.

2249 2688 2625 2743 Revolventur
2653 2685 2721 2740 ab
2744 2685 2906 2741 initio
2936 2686 3247 2759 apostolicae
3278 2687 3423 2742 sedis
3450 2684 3692 2754 decreta,
3722 2694 3775 2744 et

2164 2778 2603 2836 considerabitur
2618 2778 2676 2833 in
2704 2779 2838 2850 ipsis
2877 2795 2976 2834 cur
2995 2778 3505 2835 excommunicatio
3524 2779 3771 2835 facienda

2169 2871 2262 2937 sit,
2294 2878 2349 2925 et
2379 2868 2580 2942 quibus
2607 2885 2668 2925 ac
2696 2885 2725 2923 a
2754 2868 2974 2941 quibus,
3012 2868 3146 2943 quin
3178 2876 3231 2923 et
3258 2886 3290 2924 a
3320 2868 3527 2941 quibus
3556 2885 3771 2925 exeun-

2174 2958 2307 3012 dum
2326 2974 2386 3011 ac
2404 2956 2764 3028 separandum
2784 2957 3006 3021 sit,cum
3030 2957 3231 3028 quibus
3257 2974 3357 3012 nec
3378 2957 3569 3013 cibum
3607 2960 3766 3025 sumi,

462 3046 942 3116 attendamus,quo
961 3044 1039 3099 ait
1061 3044 1202 3113 (can.
1227 3043 1306 3113 5):
1336 3044 1414 3098 De
1444 3042 1531 3097 bis
1551 3042 1644 3113 qui
1666 3039 2056 3097 communione
2092 3069 2134 3128 Ο
2166 3054 2369 3118 quanto
2402 3047 2585 3101 minus
2614 3063 2714 3102 nec
2747 3046 2964 3100 missam
3003 3053 3248 3117 oporteat
3277 3046 3569 3103 celebrari.
3616 3048 3772 3105 Certe

463 3136 872 3209 privantur,seu
894 3150 963 3189 ex
983 3134 1152 3200 clero,
1171 3147 1268 3188 seu
1286 3146 1355 3187 ex
1379 3131 1518 3187 laico
1540 3128 1828 3195 ordine,ab
1847 3128 2051 3199 episco-

460 3225 545 3298 pis
572 3240 669 3297 per
697 3238 1139 3295 unamquamque
1171 3219 1535 3291 provinciam,
1581 3218 1855 3273 sententia
1884 3232 2053 3287 regu-

462 3314 591 3370 laris
642 3314 909 3382 obtineat,
960 3318 1023 3367 ut
1052 3310 1108 3367 hi
1140 3309 1235 3383 qui
1285 3308 1626 3380 abjiciuutur
1672 3307 1741 3363 ab
1770 3306 1896 3362 aliis
1943 3321 2055 3362 non

459 3404 814 3477 recipiantur,
848 3403 1162 3476 requiratur
1192 3408 1374 3456 autem
1399 3415 1465 3454 ne
1485 3397 1941 3470 pusillanimitate
1961 3402 2057 3451 aut

456 3494 807 3550 contentione
835 3494 923 3548 vel
953 3489 1281 3564 aliquolibet
1312 3488 1553 3561 episcOpi
1585 3487 1724 3543 vitio
1752 3488 2007 3544 videatur
2026 3503 2057 3543 a

456 3582 875 3654 congregatione
921 3582 1185 3636 seclusus.
1236 3580 1307 3635 Ut
1337 3578 1443 3634 hoc
1485 3594 1613 3647 ergo
1651 3577 1935 3632 decentius
1966 3578 2054 3631 in-

455 3672 729 3743 quiratur,
753 3669 892 3723 bene
914 3669 1120 3738 placuit
1139 3666 1299 3720 annis
1323 3666 1558 3735 singulis
1577 3680 1671 3735 per
1690 3676 2049 3735 unamquam-

456 3772 561 3831 que
589 3754 930 3828 provinciam
990 3754 1075 3810 bis
1104 3755 1163 3809 in
1211 3768 1356 3808 anno
1389 3753 1625 3810 concilia
1673 3752 1957 3822 celebrari,
1993 3762 2051 3810 ut

454 3846 824 3905 communiter
859 3843 1118 3900 omnibus
1163 3842 1329 3898 simul
1386 3842 1660 3912 episcopis
1711 3844 2052 3914 congregatis

370 3946 377 3951 '
455 3934 775 4008 provincias,
798 3930 1170 3986 discutiantur
1190 3928 1509 4000 hujusmodi
1531 3920 1893 3999 quastiones,’
1906 3939 1959 3986 et
1973 3932 2051 3988 sic

453 4025 549 4097 qui
577 4012 676 4078 suo
706 4029 1069 4092 peccaverunt
1097 4018 1382 4075 evidenter
1409 4017 1684 4090 episcopo,
1734 4035 2050 4077 excommn.

453 4110 623 4167 nicati
657 4105 1061 4163 rationabiliter
1087 4107 1156 4163 ab
1187 4105 1446 4162 omnibus
1466 4107 1828 4178 aestimentur,
1855 4126 2049 4183 usque-

453 4214 563 4273 quo
593 4198 681 4254 vel
706 4197 764 4253 in
784 4197 1087 4265 communi,
1121 4196 1209 4252 vel
1244 4195 1499 4268 episcopo
1524 4198 1734 4271 placeat
1759 4198 2047 4256 humanio-

451 4305 567 4345 rem
591 4304 688 4359 pro
708 4287 912 4343 talibus
934 4286 1074 4342 ferre
1104 4286 1457 4354 sententiam,
1474 4311 1491 4333 ι
1510 4288 1654 4359 Ergo
1678 4290 2048 4346 communiter

452 4372 708 4436 omnibus
755 4377 920 4434 simul
950 4376 1224 4450 episcopis
1250 4378 1595 4450 congregatis
1623 4379 1928 4450 provinciae
1962 4381 2045 4436 bas

450 4469 779 4543 quaestiones
809 4465 1013 4523 discuti
1041 4465 1328 4538 jubentur,
1360 4483 1423 4523 ac
1451 4469 1961 4525 excommunicatos
1978 4470 2046 4526 ab
2076 4432 2123 4490 Ι)

450 4557 708 4614 omnibus
754 4556 1157 4612 rationabiliter
1197 4557 1479 4624 aestimari,
1519 4574 1802 4632 usquequo
1848 4560 1933 4614 vel
1986 4560 2043 4615 in

448 4648 730 4706 communi
755 4648 841 4702 vel
863 4646 1118 4718 episcopo
1148 4647 1358 4717 placeat
1383 4647 1764 4703 humaniorem
1796 4664 1894 4720 pro
1924 4649 2044 4704 tali-

448 4738 553 4794 bus
594 4737 738 4792 ferre
778 4734 1127 4791 sententiam.
1181 4734 1332 4791 Nulli
1363 4734 1900 4808 archiepiscoporum
1933 4755 2044 4810 po-

446 4832 616 4880 testas
642 4823 825 4890 datur,
853 4832 915 4879 ut
942 4840 1040 4879 sua
1059 4825 1175 4879 sola
1211 4824 1538 4880 auctoritate
1568 4827 1877 4898 coepiscopi
1910 4843 2045 4883 sen-

446 4912 622 4971 tentia
649 4920 963 4968 evacuatur.
1004 4912 1119 4968 Soli
1149 4911 1379 4967 debetur
1408 4913 1514 4969 boc
1542 4913 1893 4986 privilegium
1924 4917 2044 4972 Ro-

448 5020 623 5061 mana
658 5003 804 5060 sedis
831 5002 1102 5076 pontiﬁci,
1157 5011 1347 5081 utpote
1377 5006 1472 5077 qui
1501 5005 1570 5062 de
1605 5006 1759 5063 omni
1797 5007 2049 5065 Ecclesia

447 5097 531 5152 fas
562 5094 726 5152 habet
748 5094 1059 5167 judicaudi.

518 5196 691 5252 Docet
706 5194 928 5268 quidem
951 5210 1088 5266 papa
1109 5192 1421 5250 Alexander
1445 5193 1503 5250 in
1524 5194 1633 5251 ﬁne
1653 5212 1763 5252 suae
1797 5196 2039 5269 epistolae

446 5284 593 5356 quod
611 5309 628 5332 ι
648 5300 759 5340 non
780 5291 997 5340 tantum
1019 5282 1351 5340 attendenda
1378 5291 1509 5340 sunt
1529 5301 1648 5358 quae
1671 5284 1831 5354 ﬁunt,
1856 5304 2039 5360 quan-

446 5381 564 5429 tum
587 5392 695 5447 quo
716 5376 901 5432 animo
923 5375 1065 5431 ﬁunt
1085 5376 1371 5448 (epist.l).»
1388 5375 1594 5449 Nempe
1617 5393 1741 5434 cum
1766 5376 1870 5434 hoc
1899 5393 2038 5433 exa—

445 5463 696 5531 mussim,
730 5473 842 5521 tam
874 5465 933 5521 in
965 5464 1123 5521 vobis
1151 5480 1315 5539 quam
1345 5464 1403 5520 in
1435 5482 1520 5522 me
1539 5465 1708 5523 fuerit
1734 5476 2036 5538 perscruta-

443 5560 583 5621 tum,
642 5554 846 5624 patebit
885 5556 1035 5615 illico
1076 5555 1205 5613 inde
1254 5556 1527 5629 aequitatis
1574 5548 2030 5616 emolumentum.

2167 3135 2210 3190 si
2243 3136 2336 3207 qui
2381 3151 2491 3190 non
2538 3136 2765 3207 cirrigit
2793 3136 3085 3192 resecanda
3130 3137 3455 3205 committit,
3494 3153 3559 3193 ac
3587 3137 3681 3209 qui
3716 3138 3767 3193 in

2170 3224 2372 3279 talibus
2401 3232 2545 3280 tacet
2573 3234 2972 3297 consequenter
2994 3234 3047 3281 et
3080 3225 3393 3291 cohibetur,
3425 3235 3480 3282 et
3520 3243 3604 3282 vae
3637 3244 3771 3298 pro-

2166 3313 2448 3385 pheticum
2493 3312 2577 3367 illi
2620 3314 2823 3368 tacenti
2868 3314 3142 3381 imminet,
3176 3315 3352 3369 multo
3385 3315 3559 3386 magis
3587 3316 3683 3388 qui
3708 3331 3771 3371 ea

2165 3403 2343 3470 docet,
2379 3418 2473 3474 per
2507 3418 2626 3474 quae
2662 3402 2780 3458 haec
2808 3402 2929 3458 ﬁeri
2982 3403 3369 3476 quoquomodo
3399 3420 3429 3459 a
3457 3404 3769 3476 quibusque

2167 3501 2585 3567 praesumantur,
2620 3512 2729 3550 non
2763 3496 2822 3550 in
2845 3494 3126 3551 hominem
3154 3503 3369 3551 tantum
3391 3494 3646 3563 fratrem,
3676 3495 3766 3550 sed

2164 3585 2223 3639 in
2252 3586 2425 3640 Deum
2458 3585 2779 3653 Dominum,
2810 3601 2873 3641 ac
2912 3601 3007 3656 per
3045 3585 3149 3641 hoc
3179 3585 3235 3640 in
3264 3586 3439 3657 ipsam
3471 3600 3765 3641 sacrosan-

2161 3683 2305 3731 ctam
2337 3676 2659 3747 religionem
2689 3677 3035 3748 praevaricari
3066 3676 3441 3732 convincitur.
3466 3676 3627 3742 Quod
3658 3691 3763 3731 non

2164 3782 2249 3821 me
2279 3782 2376 3837 pro
2403 3784 2489 3822 me
2518 3767 2701 3824 dicere
2725 3768 2980 3836 reamini,
3006 3767 3159 3841 quasi
3190 3769 3409 3840 propria
3442 3766 3762 3838 instigatum

2164 3858 2404 3929 injuria:
2444 3860 2573 3932 quia
2603 3863 2715 3917 Deo
2749 3869 2886 3918 teste
2924 3877 3022 3933 pro
3069 3860 3314 3916 cavendo
3362 3859 3552 3932 potius
3581 3862 3763 3916 eccle-

2160 3950 2367 4006 siastici
2393 3950 2606 4008 ordinis
2626 3952 2959 4008 detrimento
2985 3951 3145 4006 vobis
3163 3951 3365 4019 scribo,
3390 3950 3473 4006 uti
3498 3952 3761 4024 scriptum

2160 4047 2239 4094 est
2261 4057 2272 4093 :
2298 4040 2472 4096 Nolite
2498 4043 2666 4095 locum
2682 4041 2812 4095 dare
2832 4039 3041 4095 diabolo
3067 4040 3283 4111 (Ephes.
3321 4038 3545 4109 μήλεια
3569 4057 3757 4108 unum,

2158 4133 2372 4202 scitote,
2404 4134 2610 4205 apicem
2646 4134 2712 4189 ab
2743 4151 2835 4190 ore
2867 4146 2988 4191 meo
3020 4132 3287 4189 dictatum
3320 4150 3584 4205 apparere
3612 4143 3759 4207 opta-

2160 4240 2269 4277 rem
2302 4224 2388 4277 vel
2424 4232 2571 4294 opto,
2607 4222 2700 4295 qui
2732 4231 2924 4279 vestrae
2955 4222 3268 4295 paternitati
3302 4222 3644 4294 displiceret,
3667 4240 3754 4296 vel

2155 4312 2418 4369 deccntiae
2464 4319 2657 4368 vestrae
2708 4331 2819 4368 non
2865 4320 3210 4385 congrueret.
3258 4312 3361 4368 Sed
3390 4330 3505 4368 non
3536 4325 3769 4387 possum‘

2155 4402 2220 4457 de
2252 4401 2340 4457 his
2369 4402 2570 4474 quibus
2602 4401 2767 4474 gratis
2798 4401 3053 4474 impetor,
3087 4419 3185 4474 pro
3213 4401 3353 4457 scire
3390 4419 3476 4457 me
3508 4404 3595 4459 vel
3632 4413 3763 4458 tan—

2155 4494 2279 4550 dem
2324 4500 2544 4549 coactus
2605 4510 2716 4549 non
2765 4492 3042 4564 expedire.
3094 4495 3255 4548 Forte
3303 4492 3360 4547 in
3410 4491 3760 4565 hyperbaton

2157 4582 2378 4637 modum
2429 4581 2659 4650 excessi,
2700 4582 2768 4637 ad
2814 4582 3098 4654 superiora
3151 4582 3465 4654 suspiciam.
3516 4583 3595 4637 De
3654 4582 3759 4639 hoc

2154 4672 2299 4743 quod
2319 4671 2640 4753 scripsistis:
2670 4697 2687 4719 ι
2706 4673 2837 4727 Nam
2854 4673 2954 4728 etsi
2991 4671 3252 4729 schedula
3267 4690 3297 4728 a
3318 4679 3369 4728 te
3388 4672 3523 4727 mihi
3548 4672 3759 4729 directa

2153 4763 2413 4835 quiddam
2450 4762 2678 4818 rationis
2709 4763 2796 4818 vel
2847 4762 3189 4819 auctoritatis
3219 4763 3418 4819 habere
3450 4763 3753 4830 videretur,

2153 4851 2258 4907 hoc
2288 4859 2467 4906 tamen
2514 4851 2677 4906 debes
2723 4850 3055 4921 discernere,
3090 4852 3219 4924 quia
3247 4851 3410 4909 sicuti
3443 4852 3537 4907 ubi
3571 4853 3754 4908 recla-

2153 4939 2320 4994 matio
2350 4945 2496 4994 certa
2525 4939 2841 5010 suscipitur,
2868 4958 3023 4997 causa
3048 4942 3369 5011 ventilatur,
3392 4941 3532 4997 ratio
3556 4948 3754 5014 postu—

2152 5030 2313 5096 latur,
2370 5029 2723 5100 prmsumptio
2769 5032 2854 5085 vel
2907 5030 3282 5103 usurpationis
3330 5032 3609 5088 temeritas
3640 5048 3752 5086 non

2150 5116 2453 5183 invenitur,
2488 5117 2577 5172 sed
2595 5117 2815 5189 justitia
2838 5122 3159 5194 requiritur,
3190 5131 3245 5179 et
3275 5123 3505 5197 aequitas
3535 5138 3749 5178 conser-

2150 5213 2327 5273 vatur,
2370 5222 2597 5262 censura
2639 5208 3005 5267 districtionis
3051 5212 3331 5269 canonica
3389 5220 3567 5267 vacat.
3614 5236 3631 5257 -
3691 5210 3748 5267 Si

2148 5295 2381 5351 chedula
2430 5297 2689 5368 quiddam
2735 5301 2966 5357 rationis
3027 5302 3113 5357 vel
3146 5303 3508 5371 auctoritatis
3559 5300 3745 5367 habet,

2148 5384 2309 5451 quam
2357 5383 2607 5454 superius
2656 5386 2970 5441 mendacem
3001 5385 3391 5461 descripsistis,
3426 5390 3635 5444 bonum
3666 5397 3745 5443 est

2146 5478 2206 5525 ut
2236 5471 2371 5528 illud
2400 5473 2741 5531 observetur.
2772 5476 2931 5543 Quod
2958 5486 3141 5534 autem
3175 5480 3243 5535 de
3272 5480 3621 5553 susceptione
3649 5496 3745 5534 re-

2145 5560 2489 5618 clamationis
2536 5573 2694 5622 certae
2738 5565 2945 5635 dicitis,
2994 5569 3231 5640 qualiter
3260 5578 3510 5642 suscepta
3542 5570 3613 5626 sit
3655 5585 3742 5624 eo-
