4056 6190
88 188 98 197 ’
164 220 305 277 1061

1377 222 1739 280 OPUSCULA
1778 224 1869 280 ET
1906 224 2291 282 EPISTOLIE.

3350 233 3486 290 1062

160 388 316 439 rum,
350 370 420 427 de
468 370 672 443 quibus
699 371 906 441 dicitis,
934 373 1252 430 reclamatio
1281 373 1531 445 superius
1562 374 1780 432 descri-
1806 378 1855 436 A
1889 383 2068 452 ptores
2092 376 2350 432 insiliunt
2370 377 2399 432 ‘i
2427 377 2583 444 Quod
2604 376 2810 445 dicitis,
2851 400 2871 425 ε
2895 380 3203 437 Praesertim
3224 399 3351 439 cum
3374 386 3487 440 suf-

158 462 271 534 psi,
308 469 362 515 et
422 460 701 531 quomodo
752 462 1020 517 ventilata
1076 462 1245 518 fuerit
1297 462 1697 532 demonstravi,
1729 473 1781 520 et

158 553 309 606 ratio
350 552 598 619 ipsorum
631 548 790 620 cujus
836 550 978 622 juris
1034 553 1106 608 sit
1166 568 1327 624 quam
1381 553 1587 610 habent
1646 555 1783 611 satis

159 638 361 709 liquet,
396 636 441 691 si
478 645 661 692 tamen
694 638 895 711 absque
914 643 1335 713 praesumptione
1373 659 1435 698 ac
1476 642 1782 698 temeritate

155 725 384 798 justitia
405 734 592 780 secuta
637 736 736 793 est,
764 736 817 783 et
855 730 1084 802 aequitas
1112 731 1249 785 mihi
1285 739 1603 787 conservata
1636 749 1647 786 :
1684 730 1780 803 qui

160 815 313 871 sicut
345 816 604 886 superius
634 819 931 889 explicavi,
984 838 1146 877 causa
1189 822 1421 878 rationis
1486 822 1777 878 reddendae

162 919 339 976 usque
378 903 510 958 dum
545 906 928 976 praenominati
960 910 1291 979 cognitores,
1326 912 1443 966 sine
1458 912 1657 983 quibus
1674 911 1779 966 dif-

162 992 349 1049 ﬁnitio
381 993 501 1047 fieri
534 1010 646 1048 non
679 1004 910 1065 poterat,
942 998 1237 1055 defuerunt
1264 1000 1441 1068 adfui,
1473 1009 1533 1055 ut
1571 1001 1638 1056 de
1675 1017 1777 1056 ca-

162 1101 373 1139 nonum
416 1084 638 1139 statutis
666 1084 876 1151 sileam,
916 1103 983 1140 ex
1027 1088 1159 1158 ipsis
1210 1105 1309 1160 pro
1354 1105 1409 1143 re
1456 1088 1774 1160 hujusmodi

162 1174 605 1244 scriptisvestraa
640 1174 1001 1241 auctoritatis,
1035 1183 1087 1230 et
1115 1176 1225 1247 regi
1254 1177 1411 1248 pistis
1433 1186 1494 1233 ut
1534 1179 1771 1248 prtemisi

164 1262 338 1329 datis,
371 1261 737 1317 animadverti
771 1263 975 1318 valebit
1009 1283 1020 1319 :
1048 1266 1102 1319 in
1133 1266 1333 1338 quibus
1361 1268 1427 1322 ad
1476 1268 1657 1322 locum
1697 1269 1773 1324 ita

165 1351 467 1407 decernitis
496 1352 794 1408 inferentes
829 1372 839 1408 :
889 1379 906 1400 α
938 1354 1090 1410 Unde
1120 1364 1352 1424 constat,
1376 1359 1511 1428 quia
1525 1358 1567 1411 si
1590 1373 1771 1412 carere

167 1441 329 1496 debet
390 1458 455 1497 eo
484 1442 630 1514 quod
663 1458 756 1512 per
809 1443 1154 1499 mendacium
1189 1446 1524 1517 impetravit,
1556 1447 1771 1503 cautius

165 1538 247 1586 est
276 1538 337 1585 ut
367 1530 452 1584 im
468 1531 732 1599 estigetur
758 1532 835 1586 rei
866 1534 1066 1588 veritas
1087 1543 1378 1607 antequam
1412 1552 1507 1607 per
1536 1535 1769 1591 menda-

165 1621 316 1676 cium
350 1620 613 1693 quiddam
672 1620 778 1676 nisi
808 1622 1225 1694 inquisitionem
1256 1625 1768 1697 impetret,dicente

1892 463 2267 521 ﬁcientissime
2306 466 2418 538 jam
2453 474 2503 523 te
2533 467 2667 525 hinc
2696 471 3156 538 commonuerim,
3201 473 3485 545 redargue-

1893 562 2021 629 rim,
2052 569 2105 616 et
2121 561 2284 617 etiam
2307 579 2370 618 ex
2392 565 2812 621 auctoritatibus
2835 564 3042 622 divinis
3065 569 3469 629 iustruxerim..

1891 651 2033 706 Ecce
2060 651 2337 723 quomodo
2368 651 2499 710 hinc
2521 670 2605 709 me
2642 661 2774 710 tunc
2806 656 3169 713 instruxistis.
3207 658 3364 725 Quod
3392 678 3482 717 au-

1890 747 1999 794 tem
2032 741 2132 795 ulli
2161 758 2406 797 meorum
2438 752 2629 799 contra
2660 744 2929 800 rationem
2955 761 3196 818 unquam
3233 748 3481 818 fecerim,

1888 831 2042 885 nulla
2077 847 2106 885 a
2137 830 2294 887 vobis
2320 831 2705 903 redargutione
2727 849 2847 888 sum
2876 834 3057 891 adhuc
3077 836 3481 909 comprobatus,

1888 919 1981 975 sed
2012 929 2143 976 tunc
2171 919 2330 976 vobis
2373 920 2539 976 libuit
2569 920 2754 977 dicere
2783 923 2930 994 quod
2962 922 3137 979 licuit.
3168 927 3486 984 Anuectitis

1887 1017 2072 1085 etiam,
2117 1042 2133 1064 ι
2174 1016 2279 1073 Sed
2308 1018 2579 1088 patienter
2608 1018 2834 1073 interim
2867 1019 3040 1075 tolera
3069 1036 3189 1092 quas
3220 1021 3487 1078 videntur

1887 1113 1993 1161 tuae
2038 1106 2291 1178 potestati
2343 1107 2639 1173 contraria,
2688 1108 2781 1180 qui
2819 1108 3002 1165 dicere
3046 1124 3171 1165 cum
3204 1112 3488 1182 psalmista

1883 1195 2080 1250 debes:
2118 1198 2293 1266 Supra
2322 1196 2537 1251 dorsum
2571 1214 2734 1251 meum
2753 1196 3153 1266 fabricaverunt
3171 1207 3483 1270 peccatores,

1876 1286 2327 1355 prolongaverunt
2354 1284 2687 1355 iniquitatem
2726 1302 2877 1340 suam
2914 1287 3088 1357 (Psal.
3124 1290 3385 1355 CXXVIII).
3421 1292 3488 1345 In

1876 1374 2154 1445 patientia,
2191 1375 2372 1447 inquit
2394 1376 2684 1442 Dominus,
2712 1375 3045 1446 possidebitis
3071 1376 3487 1434 animasvestras

1883 1462 2033 1533 (Luc.
2077 1464 2221 1534 xxx),
2252 1472 2304 1542 et
2336 1464 2544 1535 reliqua
2575 1465 2830 1535 perplura
2861 1463 2927 1519 de
2958 1464 3226 1535 patientia
3246 1465 3486 1537 dogma-

1878 1552 2126 1609 tizantes.
2157 1578 2174 1599 ι
2221 1554 2377 1610 Certe
2421 1570 2639 1625 gemens
2670 1554 2992 1626 respondeo,
3026 1555 3154 1627 quia
3190 1564 3482 1631 postquam

1876 1643 2101 1711 Romam
2122 1641 2394 1700 directum
2419 1643 2707 1715 parvitatis
2739 1659 2869 1699 meae
2892 1646 3131 1716 legatum
3165 1647 3342 1718 recepi
3370 1649 3485 1704 Deo

164 1723 356 1769 sancto
385 1721 439 1769 et
468 1721 629 1769 cauto
672 1730 815 1786 rege,
840 1716 1069 1770 Causam
1091 1733 1253 1786 quam
1294 1718 1597 1785 nesciebam,
1630 1718 1768 1772 dili-
1806 1736 1851 1795 Β
1886 1733 2126 1803 propino
2162 1750 2466 1803 reversum,
2500 1735 2767 1809 vobisque
2803 1752 2900 1808 pro
2930 1743 3081 1793 οεηο
3113 1755 3199 1794 me
3238 1716 3305 1793 ui
3320 1739 3484 1797 dem.

162 1803 458 1873 (lentissime
501 1804 875 1873 inuestigabam
927 1806 1047 1875 (Job
1086 1812 1275 1878 χχιχ).
1311 1808 1382 1861 Et
1434 1806 1557 1862 ideo
1611 1808 1774 1863 facile

165 1891 411 1948 discerni
441 1898 638 1963 potest,
668 1893 797 1964 quia
823 1892 879 1947 in
902 1894 1022 1949 istis
1036 1910 1145 1949 non
1165 1910 1393 1950 censura
1409 1894 1775 1950 districtionis

165 1982 451 2039 canonica?
482 1988 657 2048 vacat,
693 1983 785 2037 sed
812 1984 998 2055 potius
1039 1984 1416 2055 exagreranda
1439 1986 1492 2039 in
1515 2000 1605 2039 eos
1634 1990 1775 2038 esset

170 2071 237 2127 ad
271 2073 650 2129 ulciscendum
687 2073 780 2145 qui
814 2080 941 2128 sunt
970 2072 1115 2128 devii
1149 2090 1178 2128 a
1217 2076 1429 2129 ratione
1456 2081 1507 2128 et
1538 2073 1771 2129 auctori-

168 2171 283 2219 tate
312 2180 375 2220 ac
401 2164 676 2237 equitate,
719 2172 772 2220 et
801 2163 857 2218 in
886 2172 1233 2236 contemptus
1263 2165 1563 2236 pertinacia
1587 2164 1773 2221 obdu-

164 2254 294 2309 rati.

236 2372 396 2442 Quod
430 2373 566 2429 mihi
606 2374 925 2446 scripsistis,
983 2398 1000 2420 σ
1034 2375 1236 2430 Hortor
1261 2382 1314 2430 et
1344 2390 1540 2429 moneo
1569 2382 1642 2439 te,
1666 2374 1769 2429 fra-

164 2474 251 2519 ter
287 2463 637 2531 charissimc,
673 2471 896 2536 paterna
931 2470 984 2517 et
1017 2464 1437 2535 metropolitana
1467 2462 1769 2519 secundum

170 2570 355 2609 sacras
375 2554 589 2623 regulas
608 2552 955 2620 auctoritate,
980 2560 1041 2607 ut
1062 2569 1173 2608 non
1192 2570 1285 2625 per
1314 2551 1431 2608 haec
1460 2540 1773 2608 commenta

162 2658 289 2713 quae
326 2639 464 2694 mihi
490 2639 709 2706 misisti,
745 2655 1000 2711 praeceps,
1035 2640 1178 2695 sicut
1218 2638 1355 2694 mihi
1384 2640 1675 2707 mandasti,
1698 2640 1771 2696 sis

162 2730 234 2785 ad
271 2729 655 2802 proferendam
696 2730 1044 2797 sententiam,
1069 2755 1086 2776 ν
1130 2738 1193 2784 ιιι
1230 2728 1529 2784 secundum
1563 2728 1770 2785 voslo-

165 2834 326 2889 quar,
360 2816 427 2870 de
459 2815 547 2870 bis
577 2816 906 2872 commentis
941 2834 1060 2888 quae
1098 2817 1260 2871 modo
1290 2808 1564 2886 falsitatis,
1606 2817 1769 2872 modo

161 2905 381 2979 aliquid
428 2906 659 2961 rationis
710 2907 1123 2963 auctoritatisve
1166 2906 1364 2962 habere
1409 2906 1614 2974 dicitis,
1643 2906 1772 2978 quia

163 2995 423 3067 superius
454 2995 731 3067 respondi,
767 3012 915 3050 nunc
970 2996 1125 3066 plura
1165 2995 1445 3062 omittens,
1489 3011 1557 3050 ex
1592 3003 1768 3049 vestra

1884 1839 2090 1892 veram,
2123 1842 2185 1881 ac
2230 1826 2356 1881 illac
2396 1826 2803 1895 mandaveram,
2837 1828 3045 1883 iturum
3070 1829 3214 1885 velle
3244 1847 3353 1887 non
3378 1832 3485 1887 ab-

1884 1912 2108 1980 scondi;
2144 1915 2352 1969 nullam
2387 1931 2454 1970 ex
2487 1916 2621 1970 meis
2646 1932 2885 1988 meaeque
2910 1918 3170 1974 Ecclesiae
3194 1921 3483 1977 necessita-

1883 1999 2031 2055 tibus
2060 2003 2220 2058 aliam
2255 2004 2407 2074 potui
2440 2005 2497 2059 in
2530 2005 2687 2059 vobis
2720 2005 2973 2061 invenire
3005 2010 3480 2081 consolationem:

1883 2105 1981 2160 pro
2011 2107 2118 2163 qua
2169 2098 2353 2148 tamen
2398 2109 2455 2148 re
2487 2094 2753 2166 potiorem
2805 2094 2861 2150 in
2894 2096 3054 2151 vobis
3090 2097 3318 2169 dignum
3372 2107 3487 2155 erat

1883 2187 1944 2233 ut
1973 2182 2262 2236 sensissem
2296 2183 2469 2238 veluti
2505 2184 2572 2238 de
2603 2192 2754 2255 patre
2799 2185 3017 2255 pietatis
3065 2202 3128 2242 ac
3169 2188 3486 2245 dilectionis

1883 2265 2257 2338 dulcedinem,
2288 2281 2452 2344 atque
2491 2272 3015 2344 archiepiscopalem
3048 2277 3392 2333 auctoritatis
3423 2295 3486 2334 ac

1882 2365 2076 2413 vestrae
2107 2358 2573 2431 suffragationem.
2632 2361 2710 2415 De
2761 2360 3121 2419 fabricatione
3161 2380 3291 2420 vero
3321 2382 3485 2439 supra

1881 2446 2101 2502 dorsum
2160 2464 2340 2503 meum
2396 2448 2569 2504 fateor
2615 2464 2727 2503 non
2778 2450 3103 2521 condignam
3147 2469 3300 2523 posse
3348 2455 3484 2510 meis

1882 2536 2118 2606 peccatis
2145 2554 2263 2592 eam
2295 2536 2537 2609 impleri,
2570 2553 2669 2593 nec
2699 2537 2852 2593 illius
2882 2555 2970 2593 me
3000 2554 3116 2595 esse
3156 2542 3363 2611 gratim,
3422 2549 3481 2597 ut

1880 2641 1997 2680 eam
2037 2626 2199 2695 digne
2230 2626 2395 2681 etiam
2443 2625 2714 2682 modicam
2756 2643 2965 2683 merear
3009 2628 3296 2686 sustinere.
3339 2631 3484 2688 Illud

1882 2724 2065 2771 tamen
2115 2716 2372 2773 Comicus
2411 2718 2554 2773 forte
2603 2718 2800 2775 ludens
2844 2736 3035 2775 verum
3062 2718 3266 2794 inquit,
3300 2721 3481 2779 Facile

1879 2822 2003 2859 cum
2036 2805 2283 2862 valemus
2312 2807 2468 2879 aigris
2497 2807 2730 2864 consilia
2759 2808 2974 2864 damus.
3009 2810 3111 2866 Ubi
3159 2819 3212 2866 et
3245 2811 3482 2866 remini-

1879 2911 2002 2951 scor
2025 2894 2170 2951 beati
2187 2895 2288 2951 Job
2317 2896 2385 2951 ad
2415 2913 2543 2952 suos
2569 2896 2803 2953 dicentis
2833 2898 3040 2955 amicos
3067 2914 3078 2952 ε
3126 2899 3346 2955 Onerosi
3365 2916 3482 2954 con-

1879 2984 2132 3038 solatores
2174 3000 2347 3039 omnes
2391 3000 2480 3039 vos
2515 2984 2653 3055 (Job.
2683 2986 2827 3056 xvr).
2866 2984 2970 3040 Sed
3013 2994 3234 3043 sanctus
3264 2989 3385 3060 pius
3422 3007 3485 3047 ac

162 3083 427 3158 synodali
461 3085 517 3139 in
544 3083 729 3139 eadem
762 3082 977 3155 synodo
1009 3082 1241 3155 epistola
1278 3084 1605 3156 generaliter
1632 3100 1769 3156 pro-

1884 3071 2109 3128 humilis
2137 3072 2359 3129 accedat
2387 3074 2747 3145 Augustinus,
2782 3074 2875 3146 qui
2906 3090 2962 3129 se
3006 3074 3275 3132 inclinare
3294 3077 3483 3149 digne-

162 3177 303 3240 lata,
340 3190 500 3245 super
547 3170 665 3227 bzec
716 3171 1146 3244 praecipitatione
1198 3171 1656 3228 considerandum
1710 3181 1769 3227 ut

158 3263 309 3318 mihi
340 3263 562 3318 videtur
592 3262 671 3317 fas
710 3269 809 3317 est.
845 3261 1110 3317 Posuistis
1138 3261 1284 3316 enim
1332 3260 1390 3316 in
1431 3259 1548 3332 ipsa
1594 3260 1769 3316 sancti

154 3353 323 3409 Lucii
357 3370 506 3425 papa:
539 3352 853 3407 institutum
882 3369 989 3423 quo
1014 3353 1091 3407 ait
1127 3352 1299 3423 (epist.
1332 3352 1472 3405 uuis.
1505 3351 1597 3405 sub
1612 3350 1764 3423 ﬁn.):

172 3470 192 3493 ι
249 3444 453 3500 Rerum
486 3442 975 3498 ecclesiasticarum
1007 3449 1059 3494 et
1092 3441 1413 3495 facultatum
1445 3447 1689 3510 raptores
1739 3456 1770 3494 a

157 3531 463 3588 liminibus
494 3538 692 3585 sanctzc
726 3528 983 3582 Ecclesiae
1025 3526 1511 3582 anathematizatos
1542 3535 1771 3598 aposto-

156 3624 273 3679 lica
302 3621 635 3677 auctoritate
668 3617 924 3688 pellimus
947 3625 999 3671 et
1025 3616 1367 3685 damnamus,
1403 3625 1562 3691 atque
1594 3619 1772 3674 sacri—

156 3714 318 3783 legos
346 3726 463 3765 esse
484 3707 816 3777 judicamus,
850 3712 901 3759 et
930 3722 1036 3760 non
1062 3706 1237 3761 solum
1256 3723 1366 3775 eos,
1396 3707 1487 3762 sed
1510 3715 1562 3762 et
1582 3692 1772 3764 omnes

152 3798 581 3859 consentientes
619 3796 717 3862 eis,
750 3796 880 3867 quia
930 3812 1039 3851 non
1081 3795 1259 3851 solum
1300 3796 1395 3869 qui
1428 3797 1643 3853 faciunt
1692 3798 1770 3852 rei

147 3890 511 3962 judicantur,
545 3884 636 3941 sed
672 3882 835 3938 etiam
870 3884 963 3956 qui
1007 3884 1339 3940 facientibus
1394 3886 1768 3942 consentiunt.

154 3984 269 4037 Par
303 3976 451 4032 enim
480 3990 636 4046 poena
668 3982 722 4028 et
746 3982 966 4044 agentes
993 3982 1043 4029 et
1082 3976 1486 4031 consentientes
1514 3994 1773 4049 compre-

160 4065 386 4125 hendit.
413 4090 430 4110 ι
472 4064 543 4119 Et
579 4063 657 4118 sic
686 4061 823 4117 tanti
856 4078 1005 4134 papae
1038 4071 1416 4134 prosecutores
1462 4068 1773 4122 attestando

163 4154 373 4215 additis
404 4172 414 4208 :
456 4180 469 4197 α
488 4154 536 4206 Α
557 4169 662 4224 qua
693 4168 851 4223 poena
877 4168 1177 4207 consensus
1201 4153 1361 4208 liberi
1388 4170 1503 4209 esse
1521 4171 1629 4209 non
1654 4172 1772 4227 pos-

163 4252 299 4298 sunt
334 4240 417 4296 illi
453 4256 685 4311 quorum
718 4238 1088 4294 ministerium
1142 4248 1243 4310 est,
1278 4250 1332 4297 et
1355 4241 1448 4315 qui
1489 4242 1619 4297 talia
1642 4258 1775 4313 pos-

167 4339 305 4387 sunt
334 4330 646 4402 prohibere,
681 4328 1041 4399 comprimere
1072 4337 1124 4384 et
1154 4327 1462 4397 emendare,
1495 4337 1548 4383 et
1574 4345 1634 4385 ea
1662 4346 1772 4385 non

1878 3168 1988 3229 tur,
2041 3178 2103 3219 ac
2149 3178 2236 3218 me
2283 3162 2553 3233 jacentem
2604 3178 2770 3218 manu
2807 3178 2919 3217 suae
2960 3162 3317 3235 benignitatis
3362 3169 3482 3223 eri-

1881 3265 2026 3321 gere.

1881 3369 1971 3422 Ea:
2014 3365 2147 3420 libro
2168 3365 2373 3437 rancide
2417 3362 2639 3437 diversis
2671 3363 3074 3437 Quwstionibus,
3106 3376 3287 3437 quwst.
3326 3371 3385 3428 71
3419 3374 3481 3429 de

1951 3456 2007 3517 eo
2036 3436 2177 3517 quod
2198 3436 2323 3517 dicit
2342 3436 2626 3517 Apostolus
2651 3453 2663 3490 :
2695 3433 2941 3491 Invicem
2963 3433 3130 3494 onera
3151 3449 3329 3496 vestra
3358 3460 3479 3517 por-

1950 3516 2060 3564 tate
2089 3508 2350 3577 (Galm),
2383 3513 2488 3562 etc.

1951 3606 2091 3672 Quia
2140 3605 2355 3663 Veteris
2393 3604 2727 3660 Testamenti
2778 3605 3026 3662 custodia
3062 3606 3317 3664 timorem
3369 3609 3480 3667 ba-

1881 3696 2060 3766 bebat,
2084 3712 2194 3752 non
2217 3695 2396 3767 potuit
2410 3694 2652 3767 apertius
2668 3694 2967 3767 signiﬁcari
2987 3696 3125 3752 Novi
3144 3697 3477 3763 Testamenti

1881 3787 2086 3844 donum
2113 3802 2227 3843 esse
2257 3783 2602 3851 cbaritatem,
2642 3801 2804 3857 quam
2834 3783 2940 3841 boc
2970 3786 3091 3842 loco
3120 3785 3218 3843 ubi
3249 3789 3478 3860 Aposto-

1883 3880 1969 3934 lus
2006 3877 2112 3933 ait:
2154 3876 2381 3931 Invicem
2408 3891 2568 3930 onera
2595 3880 2767 3929 vestra
2800 3880 3026 3946 portate,
3064 3882 3113 3930 et
3138 3876 3211 3930 sic
3229 3878 3479 3948 adimple-

1883 3964 2003 4019 bitis
2025 3967 2179 4034 legem
2208 3964 2426 4021 Christi.
2472 3964 2622 4020 Hanc
2657 3963 2805 4019 enim
2846 3964 3016 4037 legem
3059 3964 3265 4022 Christi
3298 3966 3481 4024 dicere

1882 4054 2233 4127 intelligitur,
2257 4055 2385 4127 quia
2416 4055 2531 4124 ipse
2551 4054 2821 4110 Dominus
2842 4055 3099 4127 praecepit
3119 4062 3181 4112 ut
3210 4074 3309 4113 nos
3337 4057 3480 4115 invi-

1883 4159 1997 4199 cem
2030 4142 2342 4212 diligamus,
2368 4149 2580 4197 tantum
2612 4142 2670 4196 in
2692 4158 2755 4197 ea
2781 4145 3052 4199 sententia
3071 4146 3326 4219 praecepti
3350 4164 3481 4219 pon-

1880 4232 1983 4288 dus
2009 4231 2370 4297 constituens,
2401 4237 2463 4284 ut
2491 4228 2729 4283 diceret:
2764 4230 2830 4283 In
2853 4230 2947 4283 hoc
2982 4240 3317 4300 cognoscetur
3335 4252 3483 4304 quo-

1882 4321 2030 4375 niam
2082 4318 2330 4390 discipuli
2382 4317 2481 4373 mei
2531 4316 2670 4385 estis,
2732 4316 2781 4370 si
2832 4333 2922 4371 vos
2972 4316 3191 4371 invicem
3245 4320 3482 4391 diligatis

170 4417 398 4474 student
423 4420 713 4490 corrigere.
746 4442 764 4465 ν
806 4417 950 4488 Ergo
980 4433 1088 4471 non
1118 4426 1197 4471 est
1228 4433 1467 4488 praeceps
1515 4425 1627 4473 tam
1685 4435 1774 4473 ne.
1805 4449 1852 4506 D
1886 4411 2067 4506 {Jac-tn.
2114 4409 2265 4478 XIII).
2312 4406 2488 4506 Hujus
2519 4413 2701 4506 autem
2734 4405 3068 4506 dilectio‘nis
3097 4406 3338 4506 οφ.οξοω
3372 4416 3476 4477 est,

170 4507 371 4563 fandos
420 4525 601 4563 rerum
633 4506 1124 4564 ecclesiasticarum
1175 4506 1542 4561 devastatores
1580 4524 1642 4562 ac
1677 4508 1774 4561 di-

170 4605 416 4670 reptores
444 4615 474 4653 a
503 4596 790 4668 sacrilegio
838 4594 1126 4667 prohibere
1172 4601 1226 4649 et
1274 4594 1655 4665 comprimere,
1713 4612 1777 4653 ac

169 4705 301 4743 cum
363 4688 648 4743 obduratis
699 4686 861 4758 juxta
910 4685 1210 4757 apostolica
1263 4684 1482 4739 decreta
1532 4685 1775 4742 severius

167 4790 349 4846 agere.
383 4776 603 4830 Etenim
657 4791 872 4848 quoque
924 4774 981 4828 in
1040 4773 1497 4846 quaternionibus
1553 4775 1771 4843 vestris,

167 4863 400 4919 domino
433 4864 543 4935 regi
577 4864 733 4935 pistis
762 4880 858 4935 pro
890 4862 1209 4935 liujusmodi
1243 4880 1299 4918 re
1328 4863 1491 4931 datis,
1521 4866 1601 4920 sic
1627 4864 1773 4920 scri-

168 4952 356 5024 psistis
386 4951 455 5007 ad
491 4953 669 5009 locum
718 4971 728 5008 :
794 4978 811 4999 σ
845 4953 949 5019 Qui
1003 4970 1130 5025 ergo
1182 4953 1457 5025 stipendia
1509 4954 1769 5024 ecclesiae,

166 5042 546 5115 cujuscunque
577 5043 690 5098 sint
720 5042 953 5109 ordinis,
984 5043 1118 5109 loci,
1150 5043 1237 5096 vel
1287 5043 1572 5113 dignitatis
1617 5044 1773 5100 acci—

166 5132 350 5203 piunt,
395 5131 439 5186 si
469 5149 565 5204 pro
597 5132 749 5187 illius
774 5134 946 5188 salute
994 5148 1055 5188 ac
1100 5130 1299 5203 quietis
1347 5130 1554 5186 honore
1608 5141 1771 5206 atque

166 5219 493 5276 defensione
530 5220 768 5276 sollicite
800 5236 860 5275 ac
894 5236 990 5292 pro
1022 5218 1235 5274 viribus
1256 5233 1365 5273 non
1396 5217 1659 5287 laborant,
1689 5221 1769 5277 in-

166 5315 331 5388 digne
364 5318 497 5391 quin
529 5325 582 5373 et
611 5318 677 5373 ad
708 5316 982 5387 judicium
1008 5316 1105 5372 illa
1134 5314 1236 5371 sibi
1266 5325 1549 5388 usurpant.
1574 5341 1591 5363 ι
1625 5316 1769 5385 Ergo

166 5406 210 5461 si
241 5405 310 5460 ad
334 5404 609 5475 judicium
639 5406 853 5461 desides
897 5414 949 5461 et
994 5422 1103 5460 non
1145 5405 1495 5477 proficientes
1534 5403 1629 5460 illa
1664 5404 1769 5460 sibi

166 5503 458 5564 usurpant,
494 5494 872 5568 nunquidnam
898 5494 1138 5565 judicari
1170 5511 1280 5550 non
1309 5494 1532 5563 debent,
1562 5494 1654 5567 qui
1686 5510 1769 5550 res

164 5583 568 5640 ecclesiasticas
598 5593 659 5640 ut
687 5584 935 5655 sacrilegi
965 5584 1274 5648 devastaut,
1306 5590 1358 5639 et
1388 5582 1446 5652 in
1484 5598 1572 5640 eas
1610 5582 1767 5641 dire-

1882 4498 2119 4554 invicem
2150 4511 2317 4551 onera
2344 4502 2530 4550 nostra
2559 4503 2793 4565 portare.
2831 4493 2935 4549 Sed
2973 4493 3078 4549 boc
3101 4493 3341 4550 ofﬁcium
3367 4512 3479 4551 non

1886 4597 1965 4646 est
2006 4588 2440 4660 sempiternum:
2499 4583 2760 4656 perducet
2806 4598 2934 4639 sane
2980 4583 3048 4640 ad
3076 4583 3476 4642 beatitudinem

1885 4678 2294 4750 sempiternam,
2336 4676 2394 4730 in
2424 4690 2531 4748 qua
2569 4675 2723 4730 nulla
2749 4683 2913 4730 erunt
2949 4689 3116 4729 onera
3144 4680 3330 4729 nostra
3359 4691 3477 4748 quae

1884 4769 2121 4825 invicem
2154 4774 2369 4838 portare
2397 4765 2709 4838 jubeamur.
2748 4764 2906 4822 Nunc
2949 4780 3079 4821 vero
3105 4781 3231 4822 cum
3279 4764 3337 4821 in
3377 4764 3480 4822 hac

1882 4860 2019 4926 vita,
2050 4857 2106 4912 id
2138 4864 2218 4912 est
2249 4856 2306 4911 in
2337 4853 2438 4911 hac
2467 4855 2559 4910 via
2603 4870 2815 4920 sumus,
2845 4868 3013 4910 onera
3062 4860 3250 4911 nostra
3285 4862 3481 4926 porte-

1884 4964 2026 5017 mus,
2059 4955 2119 5002 ut
2148 4945 2216 5002 ad
2245 4962 2363 5001 eam
2392 4945 2566 5000 vitam
2605 4960 2726 5016 quae
2745 4950 2895 5001 caret
2924 4944 3076 4999 omni
3104 4958 3268 4999 onere
3292 4957 3477 5013 perve-

1880 5041 2116 5096 niamus.
2150 5041 2303 5096 Sicut
2333 5042 2479 5096 enim
2511 5039 2578 5095 de
2602 5039 2780 5095 cervis
2803 5038 3055 5095 nonnulli
3082 5038 3271 5093 talium
3295 5035 3475 5106 cogni-

1881 5131 2093 5186 tionum
2127 5128 2361 5185 studiosi
2390 5130 2752 5202 scripserunt,
2785 5145 2909 5185 cum
2941 5127 3141 5182 fretum
3172 5125 3239 5181 ad
3269 5124 3477 5180 insulas

1878 5228 2164 5276 transeunt
2185 5234 2509 5292 pascuorum
2534 5222 2726 5292 gratia,
2750 5219 2829 5275 sic
2848 5233 2903 5274 se
2926 5216 3205 5283 ordinant,
3228 5221 3289 5269 ut
3314 5229 3480 5270 onera

1878 5312 2119 5383 capitum
2150 5326 2395 5379 suorum,
2430 5327 2549 5383 quae
2571 5316 2784 5383 gestant
2812 5308 2869 5363 in
2891 5306 3174 5374 cornibus,
3205 5319 3367 5377 super
3395 5303 3479 5359 in-

1879 5401 2056 5457 vicem
2097 5407 2335 5473 portent,
2394 5400 2469 5455 ita
2513 5407 2575 5455 ut
2622 5397 2891 5471 posterior
2936 5411 3098 5468 super
3148 5393 3479 5450 anteriorem

1877 5492 2088 5549 cervice
2118 5489 2359 5563 projects
2387 5496 2549 5560 caput
2593 5487 2860 5553 collocet;
2897 5493 2950 5542 et
2979 5484 3106 5559 quia
3151 5501 3369 5543 necesse
3398 5490 3481 5539 est

1877 5599 2048 5638 unum
2080 5598 2194 5638 esse
2223 5580 2317 5653 qui
2345 5587 2573 5636 caeteros
2600 5576 2936 5651 praecedens,
2969 5592 3082 5633 non
3109 5583 3235 5634 ante
3274 5592 3331 5632 se
3365 5574 3478 5629 ha-
