  <div class='ocr_page' id='page_1' title='image "/cluster/home/n/w/nwhite01/storage/ocr_20150623/124/hvd.32044054759865/537.png"; bbox 0 0 4078 6182; ppageno 0'>
   <div class='ocr_carea' id='block_1_1' title="bbox 536 173 676 233">
    <p class='ocr_par' dir='ltr' id='par_1_1' title="bbox 536 173 676 233">
     <span class='ocr_line' id='line_1_1' title="bbox 536 173 676 233; baseline -0.043 0"><span class='ocrx_word' id='word_1_1' title='bbox 536 173 676 233; x_wconf 84' lang='grc'>1063</span> 
     </span>
    </p>
   </div>
   <div class='ocr_carea' id='block_1_2' title="bbox 1560 124 2784 216">
    <p class='ocr_par' dir='ltr' id='par_1_2' title="bbox 1560 124 2784 216">
     <span class='ocr_line' id='line_1_2' title="bbox 1560 124 2784 216; baseline -0.003 -2"><span class='ocrx_word' id='word_1_2' title='bbox 1560 156 1907 216; x_wconf 86' lang='lat' dir='ltr'>HINCMARI</span> <span class='ocrx_word' id='word_1_3' title='bbox 1946 124 2429 214; x_wconf 83' lang='lat' dir='ltr'>LUGDUNENSIS</span> <span class='ocrx_word' id='word_1_4' title='bbox 2472 153 2784 212; x_wconf 86' lang='lat' dir='ltr'>EPISCOPI</span> 
     </span>
    </p>
   </div>
   <div class='ocr_carea' id='block_1_3' title="bbox 3695 156 3843 213">
    <p class='ocr_par' dir='ltr' id='par_1_3' title="bbox 3695 156 3843 213">
     <span class='ocr_line' id='line_1_3' title="bbox 3695 156 3843 213; baseline 0.014 -2"><span class='ocrx_word' id='word_1_5' title='bbox 3695 156 3843 213; x_wconf 69' lang='grc'>1064</span> 
     </span>
    </p>
   </div>
   <div class='ocr_carea' id='block_1_4' title="bbox 530 315 3847 400">
    <p class='ocr_par' dir='ltr' id='par_1_4' title="bbox 530 315 3847 400">
     <span class='ocr_line' id='line_1_4' title="bbox 530 315 3847 400; baseline -0.005 -12"><span class='ocrx_word' id='word_1_6' title='bbox 530 335 655 388; x_wconf 88' lang='lat' dir='ltr'>beat</span> <span class='ocrx_word' id='word_1_7' title='bbox 680 328 773 387; x_wconf 90' lang='lat' dir='ltr'>cui</span> <span class='ocrx_word' id='word_1_8' title='bbox 802 334 966 400; x_wconf 89' lang='lat' dir='ltr'>caput</span> <span class='ocrx_word' id='word_1_9' title='bbox 1002 325 1255 392; x_wconf 80' lang='lat' dir='ltr'>inclinet,</span> <span class='ocrx_word' id='word_1_10' title='bbox 1292 322 1508 380; x_wconf 81' lang='lat' dir='ltr'>vicibus</span> <span class='ocrx_word' id='word_1_11' title='bbox 1536 322 1798 378; x_wconf 91' lang='lat' dir='ltr'>dicuntur</span> <span class='ocrx_word' id='word_1_12' title='bbox 1843 321 1900 377; x_wconf 89' lang='lat' dir='ltr'>id</span> <span class='ocrx_word' id='word_1_13' title='bbox 1942 338 2120 393; x_wconf 87' lang='lat' dir='ltr'>agere,</span> <span class='ocrx_word' id='word_1_14' title='bbox 2159 327 2207 384; x_wconf 85' lang='lat' dir='ltr'><strong>A</strong></span> <span class='ocrx_word' id='word_1_15' title='bbox 2243 320 2419 378; x_wconf 79' lang='lat' dir='ltr'>tendit</span> <span class='ocrx_word' id='word_1_16' title='bbox 2448 337 2562 389; x_wconf 89' lang='lat' dir='ltr'>sua,</span> <span class='ocrx_word' id='word_1_17' title='bbox 2607 320 2703 377; x_wconf 90' lang='lat' dir='ltr'>sed</span> <span class='ocrx_word' id='word_1_18' title='bbox 2740 327 2926 376; x_wconf 87' lang='lat' dir='ltr'>nostra</span> <span class='ocrx_word' id='word_1_19' title='bbox 2957 335 2969 373; x_wconf 93' lang='lat'><strong>:</strong></span> <span class='ocrx_word' id='word_1_20' title='bbox 3003 318 3081 374; x_wconf 87' lang='lat' dir='ltr'>ita</span> <span class='ocrx_word' id='word_1_21' title='bbox 3107 323 3162 372; x_wconf 90' lang='lat' dir='ltr'>et</span> <span class='ocrx_word' id='word_1_22' title='bbox 3189 330 3290 372; x_wconf 86' lang='lat' dir='ltr'>nos</span> <span class='ocrx_word' id='word_1_23' title='bbox 3326 315 3564 372; x_wconf 80' lang='lat' dir='ltr'>libenter</span> <span class='ocrx_word' id='word_1_24' title='bbox 3610 319 3675 374; x_wconf 85' lang='lat' dir='ltr'>ad</span> <span class='ocrx_word' id='word_1_25' title='bbox 3717 320 3847 392; x_wconf 84' lang='lat' dir='ltr'>ejus</span> 
     </span>
    </p>
   </div>
   <div class='ocr_carea' id='block_1_5' title="bbox 531 410 2138 488">
    <p class='ocr_par' dir='ltr' id='par_1_5' title="bbox 531 410 2138 488">
     <span class='ocr_line' id='line_1_5' title="bbox 531 410 2138 488; baseline -0.006 -12"><span class='ocrx_word' id='word_1_26' title='bbox 531 430 594 477; x_wconf 91' lang='lat' dir='ltr'>ut</span> <span class='ocrx_word' id='word_1_27' title='bbox 628 421 859 475; x_wconf 85' lang='lat' dir='ltr'>lassatus</span> <span class='ocrx_word' id='word_1_28' title='bbox 879 417 995 473; x_wconf 87' lang='lat' dir='ltr'>suis</span> <span class='ocrx_word' id='word_1_29' title='bbox 1018 415 1214 488; x_wconf 84' lang='lat' dir='ltr'>capitis</span> <span class='ocrx_word' id='word_1_30' title='bbox 1245 429 1411 471; x_wconf 91' lang='lat' dir='ltr'>onere</span> <span class='ocrx_word' id='word_1_31' title='bbox 1456 412 1553 467; x_wconf 91' lang='lat' dir='ltr'>ille</span> <span class='ocrx_word' id='word_1_32' title='bbox 1595 410 1692 482; x_wconf 91' lang='lat' dir='ltr'>qui</span> <span class='ocrx_word' id='word_1_33' title='bbox 1722 410 1985 482; x_wconf 68' lang='lat' dir='ltr'>praecedit</span> <span class='ocrx_word' id='word_1_34' title='bbox 2014 418 2138 483; x_wconf 90' lang='lat' dir='ltr'>post</span> 
     </span>
    </p>
   </div>
   <div class='ocr_carea' id='block_1_6' title="bbox 530 499 2134 574">
    <p class='ocr_par' dir='ltr' id='par_1_6' title="bbox 530 499 2134 574">
     <span class='ocr_line' id='line_1_6' title="bbox 530 499 2134 574; baseline -0.008 -8"><span class='ocrx_word' id='word_1_35' title='bbox 530 525 720 567; x_wconf 91' lang='lat' dir='ltr'>omnes</span> <span class='ocrx_word' id='word_1_36' title='bbox 759 507 963 574; x_wconf 90' lang='lat' dir='ltr'>redeat,</span> <span class='ocrx_word' id='word_1_37' title='bbox 1007 513 1060 562; x_wconf 92' lang='lat' dir='ltr'>et</span> <span class='ocrx_word' id='word_1_38' title='bbox 1089 506 1139 560; x_wconf 92' lang='lat' dir='ltr'>ei</span> <span class='ocrx_word' id='word_1_39' title='bbox 1187 502 1439 560; x_wconf 86' lang='lat' dir='ltr'>suscedat</span> <span class='ocrx_word' id='word_1_40' title='bbox 1478 499 1636 572; x_wconf 87' lang='lat' dir='ltr'>cujus</span> <span class='ocrx_word' id='word_1_41' title='bbox 1688 499 1900 555; x_wconf 89' lang='lat' dir='ltr'>ferebat</span> <span class='ocrx_word' id='word_1_42' title='bbox 1946 506 2134 571; x_wconf 87' lang='lat' dir='ltr'>caput,</span> 
     </span>
    </p>
   </div>
   <div class='ocr_carea' id='block_1_7' title="bbox 532 593 2136 670">
    <p class='ocr_par' dir='ltr' id='par_1_7' title="bbox 532 593 2136 670">
     <span class='ocr_line' id='line_1_7' title="bbox 532 593 2136 670; baseline -0.007 -14"><span class='ocrx_word' id='word_1_43' title='bbox 532 616 658 656; x_wconf 92' lang='lat' dir='ltr'>cum</span> <span class='ocrx_word' id='word_1_44' title='bbox 689 599 805 670; x_wconf 90' lang='lat' dir='ltr'>ipse</span> <span class='ocrx_word' id='word_1_45' title='bbox 835 596 1053 669; x_wconf 65' lang='lat' dir='ltr'>praeiret</span> <span class='ocrx_word' id='word_1_46' title='bbox 1087 612 1098 649; x_wconf 92' lang='lat'><strong>:</strong></span> <span class='ocrx_word' id='word_1_47' title='bbox 1138 593 1214 648; x_wconf 91' lang='lat' dir='ltr'>ita</span> <span class='ocrx_word' id='word_1_48' title='bbox 1243 593 1483 648; x_wconf 86' lang='lat' dir='ltr'>invicem</span> <span class='ocrx_word' id='word_1_49' title='bbox 1531 607 1700 647; x_wconf 90' lang='lat' dir='ltr'>onera</span> <span class='ocrx_word' id='word_1_50' title='bbox 1728 606 1825 646; x_wconf 90' lang='lat' dir='ltr'>sua</span> <span class='ocrx_word' id='word_1_51' title='bbox 1856 596 2136 662; x_wconf 82' lang='lat' dir='ltr'>portantes</span> 
     </span>
    </p>
   </div>
   <div class='ocr_carea' id='block_1_8' title="bbox 531 678 2138 753">
    <p class='ocr_par' dir='ltr' id='par_1_8' title="bbox 531 678 2138 753">
     <span class='ocr_line' id='line_1_8' title="bbox 531 678 2138 753; baseline -0.006 -9"><span class='ocrx_word' id='word_1_52' title='bbox 531 689 735 744; x_wconf 85' lang='lat' dir='ltr'>fretum</span> <span class='ocrx_word' id='word_1_53' title='bbox 766 692 1073 753; x_wconf 90' lang='lat' dir='ltr'>transeunt,</span> <span class='ocrx_word' id='word_1_54' title='bbox 1112 683 1288 739; x_wconf 92' lang='lat' dir='ltr'>donec</span> <span class='ocrx_word' id='word_1_55' title='bbox 1316 681 1542 737; x_wconf 86' lang='lat' dir='ltr'>veniant</span> <span class='ocrx_word' id='word_1_56' title='bbox 1570 678 1639 735; x_wconf 89' lang='lat' dir='ltr'>ad</span> <span class='ocrx_word' id='word_1_57' title='bbox 1664 688 1824 735; x_wconf 63' lang='lat' dir='ltr'>terrae</span> <span class='ocrx_word' id='word_1_58' title='bbox 1855 678 2138 734; x_wconf 87' lang='lat' dir='ltr'>stabilita-</span> 
     </span>
    </p>
   </div>
   <div class='ocr_carea' id='block_1_9' title="bbox 531 771 2136 848">
    <p class='ocr_par' dir='ltr' id='par_1_9' title="bbox 531 771 2136 848">
     <span class='ocr_line' id='line_1_9' title="bbox 531 771 2136 848; baseline -0.006 -16"><span class='ocrx_word' id='word_1_59' title='bbox 531 786 641 833; x_wconf 90' lang='lat' dir='ltr'>tem</span> <span class='ocrx_word' id='word_1_60' title='bbox 668 777 838 848; x_wconf 88' lang='lat' dir='ltr'>(Plin.</span> <span class='ocrx_word' id='word_1_61' title='bbox 867 776 957 831; x_wconf 86' lang='lat' dir='ltr'>lib.</span> <span class='ocrx_word' id='word_1_62' title='bbox 982 792 1084 831; x_wconf 77' lang='lat' dir='ltr'>vin</span> <span class='ocrx_word' id='word_1_63' title='bbox 1113 790 1228 843; x_wconf 85' lang='lat' dir='ltr'>cap.</span> <span class='ocrx_word' id='word_1_64' title='bbox 1254 772 1367 843; x_wconf 73' lang='lat'>32).</span> <span class='ocrx_word' id='word_1_65' title='bbox 1393 771 1558 826; x_wconf 87' lang='lat' dir='ltr'>Istam</span> <span class='ocrx_word' id='word_1_66' title='bbox 1577 784 1866 825; x_wconf 87' lang='lat' dir='ltr'>cervorum</span> <span class='ocrx_word' id='word_1_67' title='bbox 1888 775 2136 823; x_wconf 89' lang='lat' dir='ltr'>naturam</span> 
     </span>
    </p>
   </div>
   <div class='ocr_carea' id='block_1_10' title="bbox 534 858 2140 923">
    <p class='ocr_par' dir='ltr' id='par_1_10' title="bbox 534 858 2140 923">
     <span class='ocr_line' id='line_1_10' title="bbox 534 858 2140 923; baseline -0.007 0"><span class='ocrx_word' id='word_1_68' title='bbox 534 868 768 923; x_wconf 82' lang='lat' dir='ltr'>fortasse</span> <span class='ocrx_word' id='word_1_69' title='bbox 798 863 1100 920; x_wconf 87' lang='lat' dir='ltr'>intenderit</span> <span class='ocrx_word' id='word_1_70' title='bbox 1129 862 1388 917; x_wconf 89' lang='lat' dir='ltr'>Salomon</span> <span class='ocrx_word' id='word_1_71' title='bbox 1416 876 1543 915; x_wconf 90' lang='lat' dir='ltr'>cum</span> <span class='ocrx_word' id='word_1_72' title='bbox 1575 858 1684 914; x_wconf 85' lang='lat' dir='ltr'>ait:</span> <span class='ocrx_word' id='word_1_73' title='bbox 1721 858 1918 913; x_wconf 77' lang='lat' dir='ltr'>Cervus</span> <span class='ocrx_word' id='word_1_74' title='bbox 1942 859 2140 914; x_wconf 86' lang='lat' dir='ltr'>amici-</span> 
     </span>
    </p>
   </div>
   <div class='ocr_carea' id='block_1_11' title="bbox 535 950 2141 1025">
    <p class='ocr_par' dir='ltr' id='par_1_11' title="bbox 535 950 2141 1025">
     <span class='ocr_line' id='line_1_11' title="bbox 535 950 2141 1025; baseline -0.006 -14"><span class='ocrx_word' id='word_1_75' title='bbox 535 958 619 1012; x_wconf 67' lang='lat' dir='ltr'>tia:</span> <span class='ocrx_word' id='word_1_76' title='bbox 658 962 706 1010; x_wconf 86' lang='lat' dir='ltr'>et</span> <span class='ocrx_word' id='word_1_77' title='bbox 735 956 922 1025; x_wconf 83' lang='lat' dir='ltr'>pullus</span> <span class='ocrx_word' id='word_1_78' title='bbox 968 953 1268 1024; x_wconf 76' lang='lat' dir='ltr'>gratiarum</span> <span class='ocrx_word' id='word_1_79' title='bbox 1319 957 1532 1005; x_wconf 86' lang='lat' dir='ltr'>tuarum</span> <span class='ocrx_word' id='word_1_80' title='bbox 1588 950 1924 1019; x_wconf 79' lang='lat' dir='ltr'>colloquatur</span> <span class='ocrx_word' id='word_1_81' title='bbox 1978 956 2141 1003; x_wconf 83' lang='lat' dir='ltr'>tecum</span> 
     </span>
    </p>
   </div>
   <div class='ocr_carea' id='block_1_12' title="bbox 536 1039 2134 1117">
    <p class='ocr_par' dir='ltr' id='par_1_12' title="bbox 536 1039 2134 1117">
     <span class='ocr_line' id='line_1_12' title="bbox 536 1039 2134 1117; baseline -0.006 -15"><span class='ocrx_word' id='word_1_82' title='bbox 536 1049 722 1117; x_wconf 82' lang='lat' dir='ltr'>(Prov.</span> <span class='ocrx_word' id='word_1_83' title='bbox 752 1064 808 1114; x_wconf 81' lang='grc' dir='ltr'>ν,</span> <span class='ocrx_word' id='word_1_84' title='bbox 842 1063 939 1100; x_wconf 90' lang='lat' dir='ltr'>sec.</span> <span class='ocrx_word' id='word_1_85' title='bbox 965 1044 1165 1115; x_wconf 84' lang='lat' dir='ltr'>LXX).</span> <span class='ocrx_word' id='word_1_86' title='bbox 1196 1041 1347 1099; x_wconf 91' lang='lat' dir='ltr'>Nihil</span> <span class='ocrx_word' id='word_1_87' title='bbox 1379 1041 1528 1097; x_wconf 91' lang='lat' dir='ltr'>enim</span> <span class='ocrx_word' id='word_1_88' title='bbox 1552 1042 1631 1096; x_wconf 86' lang='lat' dir='ltr'>sic</span> <span class='ocrx_word' id='word_1_89' title='bbox 1656 1040 1853 1112; x_wconf 86' lang='lat' dir='ltr'>probat</span> <span class='ocrx_word' id='word_1_90' title='bbox 1872 1039 2134 1106; x_wconf 87' lang='lat' dir='ltr'>amicum,</span> 
     </span>
    </p>
   </div>
   <div class='ocr_carea' id='block_1_13' title="bbox 532 1130 1691 1210">
    <p class='ocr_par' dir='ltr' id='par_1_13' title="bbox 532 1130 1691 1210">
     <span class='ocr_line' id='line_1_13' title="bbox 532 1130 1691 1210; baseline -0.006 -19"><span class='ocrx_word' id='word_1_91' title='bbox 532 1132 995 1210; x_wconf 83' lang='lat' dir='ltr'>quemadmodum</span> <span class='ocrx_word' id='word_1_92' title='bbox 1025 1132 1208 1187; x_wconf 90' lang='lat' dir='ltr'>oneris</span> <span class='ocrx_word' id='word_1_93' title='bbox 1236 1130 1398 1186; x_wconf 89' lang='lat' dir='ltr'>amici</span> <span class='ocrx_word' id='word_1_94' title='bbox 1433 1130 1691 1203; x_wconf 89' lang='lat' dir='ltr'>portatio.</span> 
     </span>
    </p>
   </div>
   <div class='ocr_carea' id='block_1_14' title="bbox 602 1216 2140 1291">
    <p class='ocr_par' dir='ltr' id='par_1_14' title="bbox 602 1216 2140 1291">
     <span class='ocr_line' id='line_1_14' title="bbox 602 1216 2140 1291; baseline -0.006 -11"><span class='ocrx_word' id='word_1_95' title='bbox 602 1226 713 1280; x_wconf 91' lang='lat' dir='ltr'>Nec</span> <span class='ocrx_word' id='word_1_96' title='bbox 740 1230 925 1278; x_wconf 87' lang='lat' dir='ltr'>tamen</span> <span class='ocrx_word' id='word_1_97' title='bbox 964 1220 1204 1276; x_wconf 86' lang='lat' dir='ltr'>invicem</span> <span class='ocrx_word' id='word_1_98' title='bbox 1253 1227 1598 1291; x_wconf 88' lang='lat' dir='ltr'>portaremus</span> <span class='ocrx_word' id='word_1_99' title='bbox 1640 1234 1807 1274; x_wconf 90' lang='lat' dir='ltr'>onera</span> <span class='ocrx_word' id='word_1_100' title='bbox 1850 1226 2057 1286; x_wconf 88' lang='lat' dir='ltr'>nostra,</span> <span class='ocrx_word' id='word_1_101' title='bbox 2091 1216 2140 1272; x_wconf 93' lang='lat' dir='ltr'>si</span> 
     </span>
    </p>
   </div>
   <div class='ocr_carea' id='block_1_15' title="bbox 534 1306 2141 1381">
    <p class='ocr_par' dir='ltr' id='par_1_15' title="bbox 534 1306 2141 1381">
     <span class='ocr_line' id='line_1_15' title="bbox 534 1306 2141 1381; baseline -0.006 -13"><span class='ocrx_word' id='word_1_102' title='bbox 534 1328 705 1368; x_wconf 89' lang='lat' dir='ltr'>unum</span> <span class='ocrx_word' id='word_1_103' title='bbox 738 1318 953 1381; x_wconf 88' lang='lat' dir='ltr'>tempus</span> <span class='ocrx_word' id='word_1_104' title='bbox 980 1317 1120 1365; x_wconf 91' lang='lat' dir='ltr'>esset</span> <span class='ocrx_word' id='word_1_105' title='bbox 1152 1308 1495 1364; x_wconf 84' lang='lat' dir='ltr'>inﬁrmitatis</span> <span class='ocrx_word' id='word_1_106' title='bbox 1529 1307 1817 1362; x_wconf 86' lang='lat' dir='ltr'>amborum</span> <span class='ocrx_word' id='word_1_107' title='bbox 1849 1306 1943 1379; x_wconf 85' lang='lat' dir='ltr'>qui</span> <span class='ocrx_word' id='word_1_108' title='bbox 1975 1322 2141 1361; x_wconf 88' lang='lat' dir='ltr'>onera</span> 
     </span>
    </p>
   </div>
   <div class='ocr_carea' id='block_1_16' title="bbox 535 1394 2138 1468">
    <p class='ocr_par' dir='ltr' id='par_1_16' title="bbox 535 1394 2138 1468">
     <span class='ocr_line' id='line_1_16' title="bbox 535 1394 2138 1468; baseline -0.006 -9"><span class='ocrx_word' id='word_1_109' title='bbox 535 1420 633 1460; x_wconf 90' lang='lat' dir='ltr'>sua</span> <span class='ocrx_word' id='word_1_110' title='bbox 672 1402 969 1468; x_wconf 84' lang='lat' dir='ltr'>sustinent,</span> <span class='ocrx_word' id='word_1_111' title='bbox 999 1409 1094 1456; x_wconf 92' lang='lat' dir='ltr'>aut</span> <span class='ocrx_word' id='word_1_112' title='bbox 1124 1416 1295 1455; x_wconf 90' lang='lat' dir='ltr'>unum</span> <span class='ocrx_word' id='word_1_113' title='bbox 1331 1397 1674 1454; x_wconf 80' lang='lat' dir='ltr'>inﬁrmitatis</span> <span class='ocrx_word' id='word_1_114' title='bbox 1703 1414 1874 1467; x_wconf 83' lang='lat' dir='ltr'>genus</span> <span class='ocrx_word' id='word_1_115' title='bbox 1899 1416 1911 1464; x_wconf 87' lang='lat'>;</span> <span class='ocrx_word' id='word_1_116' title='bbox 1945 1396 2039 1452; x_wconf 88' lang='lat' dir='ltr'>sed</span> <span class='ocrx_word' id='word_1_117' title='bbox 2060 1394 2138 1450; x_wconf 89' lang='lat' dir='ltr'>di-</span> 
     </span>
    </p>
   </div>
   <div class='ocr_carea' id='block_1_17' title="bbox 534 1484 2141 1562">
    <p class='ocr_par' dir='ltr' id='par_1_17' title="bbox 534 1484 2141 1562">
     <span class='ocr_line' id='line_1_17' title="bbox 534 1484 2141 1562; baseline -0.006 -16"><span class='ocrx_word' id='word_1_118' title='bbox 534 1508 690 1548; x_wconf 86' lang='lat' dir='ltr'>versa</span> <span class='ocrx_word' id='word_1_119' title='bbox 744 1499 1008 1562; x_wconf 90' lang='lat' dir='ltr'>tempora,</span> <span class='ocrx_word' id='word_1_120' title='bbox 1061 1488 1279 1544; x_wconf 81' lang='lat' dir='ltr'>diversa</span> <span class='ocrx_word' id='word_1_121' title='bbox 1310 1503 1505 1558; x_wconf 84' lang='lat' dir='ltr'>genera</span> <span class='ocrx_word' id='word_1_122' title='bbox 1553 1486 1898 1540; x_wconf 87' lang='lat' dir='ltr'>inﬁrmitatis</span> <span class='ocrx_word' id='word_1_123' title='bbox 1928 1484 2141 1539; x_wconf 85' lang='lat' dir='ltr'>faciunt</span> 
     </span>
    </p>
   </div>
   <div class='ocr_carea' id='block_1_18' title="bbox 534 1573 2138 1647">
    <p class='ocr_par' dir='ltr' id='par_1_18' title="bbox 534 1573 2138 1647">
     <span class='ocr_line' id='line_1_18' title="bbox 534 1573 2138 1647; baseline -0.006 -9"><span class='ocrx_word' id='word_1_124' title='bbox 534 1592 596 1639; x_wconf 91' lang='lat' dir='ltr'>ut</span> <span class='ocrx_word' id='word_1_125' title='bbox 626 1597 792 1637; x_wconf 90' lang='lat' dir='ltr'>onera</span> <span class='ocrx_word' id='word_1_126' title='bbox 838 1588 1025 1635; x_wconf 91' lang='lat' dir='ltr'>nostra</span> <span class='ocrx_word' id='word_1_127' title='bbox 1072 1578 1313 1633; x_wconf 81' lang='lat' dir='ltr'>invicem</span> <span class='ocrx_word' id='word_1_128' title='bbox 1368 1584 1589 1647; x_wconf 88' lang='lat' dir='ltr'>portare</span> <span class='ocrx_word' id='word_1_129' title='bbox 1622 1575 1926 1631; x_wconf 84' lang='lat' dir='ltr'>valeamus.</span> <span class='ocrx_word' id='word_1_130' title='bbox 1968 1573 2138 1629; x_wconf 81' lang='lat' dir='ltr'>Verbi</span> 
     </span>
    </p>
   </div>
   <div class='ocr_carea' id='block_1_19' title="bbox 2250 409 3651 478">
    <p class='ocr_par' dir='ltr' id='par_1_19' title="bbox 2250 409 3651 478">
     <span class='ocr_line' id='line_1_19' title="bbox 2250 409 3651 478; baseline -0.002 -13"><span class='ocrx_word' id='word_1_131' title='bbox 2250 410 2614 466; x_wconf 88' lang='lat' dir='ltr'>imitationem</span> <span class='ocrx_word' id='word_1_132' title='bbox 2655 409 2897 465; x_wconf 87' lang='lat' dir='ltr'>invicem</span> <span class='ocrx_word' id='word_1_133' title='bbox 2936 422 3102 462; x_wconf 87' lang='lat' dir='ltr'>onera</span> <span class='ocrx_word' id='word_1_134' title='bbox 3139 413 3335 467; x_wconf 33' lang='lat' dir='ltr'>nostra,</span> <span class='ocrx_word' id='word_1_135' title='bbox 3353 414 3651 478; x_wconf 87' lang='lat' dir='ltr'>portemus.</span> 
     </span>
    </p>
   </div>
   <div class='ocr_carea' id='block_1_20' title="bbox 2320 495 3852 571">
    <p class='ocr_par' dir='ltr' id='par_1_20' title="bbox 2320 495 3852 571">
     <span class='ocr_line' id='line_1_20' title="bbox 2320 495 3852 571; baseline 0 -16"><span class='ocrx_word' id='word_1_136' title='bbox 2320 501 2462 555; x_wconf 84' lang='lat' dir='ltr'>Huic</span> <span class='ocrx_word' id='word_1_137' title='bbox 2492 499 2814 571; x_wconf 80' lang='lat' dir='ltr'>cogitationi</span> <span class='ocrx_word' id='word_1_138' title='bbox 2848 496 3059 553; x_wconf 89' lang='lat' dir='ltr'>accedit</span> <span class='ocrx_word' id='word_1_139' title='bbox 3077 496 3244 551; x_wconf 88' lang='lat' dir='ltr'>etiam</span> <span class='ocrx_word' id='word_1_140' title='bbox 3270 495 3369 551; x_wconf 91' lang='lat' dir='ltr'>illa</span> <span class='ocrx_word' id='word_1_141' title='bbox 3396 498 3679 567; x_wconf 78' lang='lat' dir='ltr'>cogitatio,</span> <span class='ocrx_word' id='word_1_142' title='bbox 3717 501 3852 571; x_wconf 78' lang='lat' dir='ltr'>quia</span> 
     </span>
    </p>
   </div>
   <div class='ocr_carea' id='block_1_21' title="bbox 2249 583 3855 660">
    <p class='ocr_par' dir='ltr' id='par_1_21' title="bbox 2249 583 3855 660">
     <span class='ocr_line' id='line_1_21' title="bbox 2249 583 3855 660; baseline -0.001 -15"><span class='ocrx_word' id='word_1_143' title='bbox 2249 591 2344 645; x_wconf 90' lang='lat' dir='ltr'>ille</span> <span class='ocrx_word' id='word_1_144' title='bbox 2374 589 2613 660; x_wconf 88' lang='lat' dir='ltr'>suscepit</span> <span class='ocrx_word' id='word_1_145' title='bbox 2630 587 2936 655; x_wconf 88' lang='lat' dir='ltr'>hominem,</span> <span class='ocrx_word' id='word_1_146' title='bbox 2954 602 3056 643; x_wconf 91' lang='lat' dir='ltr'>nos</span> <span class='ocrx_word' id='word_1_147' title='bbox 3072 593 3255 641; x_wconf 88' lang='lat' dir='ltr'>autem</span> <span class='ocrx_word' id='word_1_148' title='bbox 3277 583 3531 640; x_wconf 89' lang='lat' dir='ltr'>homines</span> <span class='ocrx_word' id='word_1_149' title='bbox 3549 602 3743 643; x_wconf 91' lang='lat' dir='ltr'>sumus</span> <span class='ocrx_word' id='word_1_150' title='bbox 3762 606 3773 642; x_wconf 93' lang='lat'><strong>:</strong></span> <span class='ocrx_word' id='word_1_151' title='bbox 3799 598 3855 644; x_wconf 86' lang='lat' dir='ltr'>et</span> 
     </span>
    </p>
   </div>
   <div class='ocr_carea' id='block_1_22' title="bbox 2249 673 3849 749">
    <p class='ocr_par' dir='ltr' id='par_1_22' title="bbox 2249 673 3849 749">
     <span class='ocr_line' id='line_1_22' title="bbox 2249 673 3849 749; baseline 0 -16"><span class='ocrx_word' id='word_1_152' title='bbox 2249 678 2601 734; x_wconf 90' lang='lat' dir='ltr'>considerare</span> <span class='ocrx_word' id='word_1_153' title='bbox 2631 676 2894 733; x_wconf 88' lang='lat' dir='ltr'>debemus</span> <span class='ocrx_word' id='word_1_154' title='bbox 2923 675 3073 749; x_wconf 91' lang='lat' dir='ltr'>quod</span> <span class='ocrx_word' id='word_1_155' title='bbox 3099 673 3485 747; x_wconf 65' lang='lat' dir='ltr'>aegritudinem</span> <span class='ocrx_word' id='word_1_156' title='bbox 3513 675 3628 732; x_wconf 82' lang='lat' dir='ltr'>sive</span> <span class='ocrx_word' id='word_1_157' title='bbox 3647 678 3849 745; x_wconf 88' lang='lat' dir='ltr'>animi,</span> 
     </span>
    </p>
   </div>
   <div class='ocr_carea' id='block_1_23' title="bbox 2249 765 3851 840">
    <p class='ocr_par' dir='ltr' id='par_1_23' title="bbox 2249 765 3851 840">
     <span class='ocr_line' id='line_1_23' title="bbox 2249 765 3851 840; baseline 0.001 -17"><span class='ocrx_word' id='word_1_158' title='bbox 2249 768 2367 824; x_wconf 89' lang='lat' dir='ltr'>sive</span> <span class='ocrx_word' id='word_1_159' title='bbox 2392 769 2655 840; x_wconf 89' lang='lat' dir='ltr'>corporis,</span> <span class='ocrx_word' id='word_1_160' title='bbox 2687 784 2848 840; x_wconf 89' lang='lat' dir='ltr'>quam</span> <span class='ocrx_word' id='word_1_161' title='bbox 2876 768 2935 822; x_wconf 91' lang='lat' dir='ltr'>in</span> <span class='ocrx_word' id='word_1_162' title='bbox 2962 765 3188 822; x_wconf 87' lang='lat' dir='ltr'>homine</span> <span class='ocrx_word' id='word_1_163' title='bbox 3234 765 3343 821; x_wconf 90' lang='lat' dir='ltr'>alio</span> <span class='ocrx_word' id='word_1_164' title='bbox 3379 766 3653 833; x_wconf 86' lang='lat' dir='ltr'>videmus,</span> <span class='ocrx_word' id='word_1_165' title='bbox 3681 771 3851 825; x_wconf 88' lang='lat' dir='ltr'>etiam</span> 
     </span>
    </p>
   </div>
   <div class='ocr_carea' id='block_1_24' title="bbox 2250 859 3853 933">
    <p class='ocr_par' dir='ltr' id='par_1_24' title="bbox 2250 859 3853 933">
     <span class='ocr_line' id='line_1_24' title="bbox 2250 859 3853 933; baseline 0.001 -19"><span class='ocrx_word' id='word_1_166' title='bbox 2250 876 2351 915; x_wconf 92' lang='lat' dir='ltr'>nos</span> <span class='ocrx_word' id='word_1_167' title='bbox 2382 859 2582 915; x_wconf 89' lang='lat' dir='ltr'>habere</span> <span class='ocrx_word' id='word_1_168' title='bbox 2606 860 2890 933; x_wconf 88' lang='lat' dir='ltr'>potuimus</span> <span class='ocrx_word' id='word_1_169' title='bbox 2910 865 3004 914; x_wconf 89' lang='lat' dir='ltr'>aut</span> <span class='ocrx_word' id='word_1_170' title='bbox 3032 874 3343 930; x_wconf 88' lang='lat' dir='ltr'>possumus.</span> <span class='ocrx_word' id='word_1_171' title='bbox 3371 859 3487 916; x_wconf 86' lang='lat' dir='ltr'>Hoc</span> <span class='ocrx_word' id='word_1_172' title='bbox 3515 877 3641 929; x_wconf 78' lang='lat' dir='ltr'>ergo</span> <span class='ocrx_word' id='word_1_173' title='bbox 3676 860 3853 916; x_wconf 80' lang='lat' dir='ltr'>exhi-</span> 
     </span>
    </p>
   </div>
   <div class='ocr_carea' id='block_1_25' title="bbox 2248 947 3850 1020">
    <p class='ocr_par' dir='ltr' id='par_1_25' title="bbox 2248 947 3850 1020">
     <span class='ocr_line' id='line_1_25' title="bbox 2248 947 3850 1020; baseline 0.003 -18"><span class='ocrx_word' id='word_1_174' title='bbox 2248 947 2472 1004; x_wconf 87' lang='lat' dir='ltr'>beamus</span> <span class='ocrx_word' id='word_1_175' title='bbox 2527 950 2599 1016; x_wconf 91' lang='lat' dir='ltr'>ei,</span> <span class='ocrx_word' id='word_1_176' title='bbox 2652 947 2813 1020; x_wconf 87' lang='lat' dir='ltr'>cujus</span> <span class='ocrx_word' id='word_1_177' title='bbox 2858 947 3240 1004; x_wconf 85' lang='lat' dir='ltr'>infirmitatem</span> <span class='ocrx_word' id='word_1_178' title='bbox 3296 957 3513 1020; x_wconf 88' lang='lat' dir='ltr'>portare</span> <span class='ocrx_word' id='word_1_179' title='bbox 3567 950 3850 1019; x_wconf 82' lang='lat' dir='ltr'>volumus,</span> 
     </span>
    </p>
   </div>
   <div class='ocr_carea' id='block_1_26' title="bbox 2249 1036 3855 1109">
    <p class='ocr_par' dir='ltr' id='par_1_26' title="bbox 2249 1036 3855 1109">
     <span class='ocr_line' id='line_1_26' title="bbox 2249 1036 3855 1109; baseline 0.002 -16"><span class='ocrx_word' id='word_1_180' title='bbox 2249 1037 2397 1109; x_wconf 91' lang='lat' dir='ltr'>quod</span> <span class='ocrx_word' id='word_1_181' title='bbox 2424 1037 2492 1092; x_wconf 89' lang='lat' dir='ltr'>ab</span> <span class='ocrx_word' id='word_1_182' title='bbox 2512 1038 2613 1093; x_wconf 90' lang='lat' dir='ltr'>illo</span> <span class='ocrx_word' id='word_1_183' title='bbox 2635 1037 2794 1093; x_wconf 90' lang='lat' dir='ltr'>nobis</span> <span class='ocrx_word' id='word_1_184' title='bbox 2825 1037 3095 1092; x_wconf 87' lang='lat' dir='ltr'>vellemus</span> <span class='ocrx_word' id='word_1_185' title='bbox 3126 1036 3463 1106; x_wconf 83' lang='lat' dir='ltr'>exhiberi,si</span> <span class='ocrx_word' id='word_1_186' title='bbox 3494 1038 3634 1094; x_wconf 88' lang='lat' dir='ltr'>forte</span> <span class='ocrx_word' id='word_1_187' title='bbox 3658 1057 3769 1095; x_wconf 88' lang='lat' dir='ltr'>nos</span> <span class='ocrx_word' id='word_1_188' title='bbox 3797 1042 3855 1096; x_wconf 92' lang='lat' dir='ltr'>in</span> 
     </span>
    </p>
   </div>
   <div class='ocr_carea' id='block_1_27' title="bbox 2249 1125 3855 1201">
    <p class='ocr_par' dir='ltr' id='par_1_27' title="bbox 2249 1125 3855 1201">
     <span class='ocr_line' id='line_1_27' title="bbox 2249 1125 3855 1201; baseline 0.002 -19"><span class='ocrx_word' id='word_1_189' title='bbox 2249 1142 2311 1182; x_wconf 90' lang='lat' dir='ltr'>ea</span> <span class='ocrx_word' id='word_1_190' title='bbox 2349 1142 2610 1194; x_wconf 89' lang='lat' dir='ltr'>essemus,</span> <span class='ocrx_word' id='word_1_191' title='bbox 2644 1136 2698 1183; x_wconf 90' lang='lat' dir='ltr'>et</span> <span class='ocrx_word' id='word_1_192' title='bbox 2719 1126 2833 1198; x_wconf 92' lang='lat' dir='ltr'>ipse</span> <span class='ocrx_word' id='word_1_193' title='bbox 2863 1143 2977 1182; x_wconf 90' lang='lat' dir='ltr'>non</span> <span class='ocrx_word' id='word_1_194' title='bbox 3009 1136 3168 1183; x_wconf 90' lang='lat' dir='ltr'>esset.</span> <span class='ocrx_word' id='word_1_195' title='bbox 3202 1126 3288 1182; x_wconf 82' lang='lat' dir='ltr'>Ad</span> <span class='ocrx_word' id='word_1_196' title='bbox 3317 1125 3424 1182; x_wconf 89' lang='lat' dir='ltr'>hoc</span> <span class='ocrx_word' id='word_1_197' title='bbox 3444 1128 3683 1199; x_wconf 84' lang='lat' dir='ltr'>pertinet</span> <span class='ocrx_word' id='word_1_198' title='bbox 3703 1129 3855 1201; x_wconf 87' lang='lat' dir='ltr'>quod</span> 
     </span>
    </p>
   </div>
   <div class='ocr_carea' id='block_1_28' title="bbox 2250 1214 3857 1288">
    <p class='ocr_par' dir='ltr' id='par_1_28' title="bbox 2250 1214 3857 1288">
     <span class='ocr_line' id='line_1_28' title="bbox 2250 1214 3857 1288; baseline 0 -17"><span class='ocrx_word' id='word_1_199' title='bbox 2250 1216 2365 1288; x_wconf 92' lang='lat' dir='ltr'>ipse</span> <span class='ocrx_word' id='word_1_200' title='bbox 2418 1217 2717 1288; x_wconf 86' lang='lat' dir='ltr'>Apostolus</span> <span class='ocrx_word' id='word_1_201' title='bbox 2741 1217 2818 1271; x_wconf 88' lang='lat' dir='ltr'>ait</span> <span class='ocrx_word' id='word_1_202' title='bbox 2854 1233 2866 1273; x_wconf 91' lang='lat'><strong>:</strong></span> <span class='ocrx_word' id='word_1_203' title='bbox 2905 1216 3161 1273; x_wconf 83' lang='lat' dir='ltr'>Omnibus</span> <span class='ocrx_word' id='word_1_204' title='bbox 3189 1215 3370 1270; x_wconf 84' lang='lat' dir='ltr'>omnia</span> <span class='ocrx_word' id='word_1_205' title='bbox 3421 1214 3593 1284; x_wconf 84' lang='lat' dir='ltr'>factus</span> <span class='ocrx_word' id='word_1_206' title='bbox 3620 1234 3767 1284; x_wconf 83' lang='lat' dir='ltr'>sum,</span> <span class='ocrx_word' id='word_1_207' title='bbox 3802 1225 3857 1271; x_wconf 84' lang='lat' dir='ltr'>ut</span> 
     </span>
    </p>
   </div>
   <div class='ocr_carea' id='block_1_29' title="bbox 2250 1303 3856 1376">
    <p class='ocr_par' dir='ltr' id='par_1_29' title="bbox 2250 1303 3856 1376">
     <span class='ocr_line' id='line_1_29' title="bbox 2250 1303 3856 1376; baseline 0.001 -16"><span class='ocrx_word' id='word_1_208' title='bbox 2250 1322 2423 1361; x_wconf 88' lang='lat' dir='ltr'>omnes</span> <span class='ocrx_word' id='word_1_209' title='bbox 2455 1305 2820 1376; x_wconf 84' lang='lat' dir='ltr'>lucrifacerem</span> <span class='ocrx_word' id='word_1_210' title='bbox 2846 1305 2903 1375; x_wconf 94' lang='grc' dir='ltr'>(Ι</span> <span class='ocrx_word' id='word_1_211' title='bbox 2919 1305 3043 1368; x_wconf 82' lang='lat' dir='ltr'>Cor.</span> <span class='ocrx_word' id='word_1_212' title='bbox 3074 1305 3182 1375; x_wconf 81' lang='lat' dir='ltr'>1x).</span> <span class='ocrx_word' id='word_1_213' title='bbox 3203 1303 3509 1376; x_wconf 86' lang='lat' dir='ltr'>Cogitando</span> <span class='ocrx_word' id='word_1_214' title='bbox 3536 1305 3775 1373; x_wconf 85' lang='lat' dir='ltr'>scilicet,</span> <span class='ocrx_word' id='word_1_215' title='bbox 3796 1305 3856 1361; x_wconf 90' lang='lat' dir='ltr'>in</span> 
     </span>
    </p>
   </div>
   <div class='ocr_carea' id='block_1_30' title="bbox 2250 1393 3856 1467">
    <p class='ocr_par' dir='ltr' id='par_1_30' title="bbox 2250 1393 3856 1467">
     <span class='ocr_line' id='line_1_30' title="bbox 2250 1393 3856 1467; baseline 0 -18"><span class='ocrx_word' id='word_1_216' title='bbox 2250 1411 2313 1450; x_wconf 92' lang='lat' dir='ltr'>eo</span> <span class='ocrx_word' id='word_1_217' title='bbox 2351 1394 2490 1449; x_wconf 87' lang='lat' dir='ltr'>vitio</span> <span class='ocrx_word' id='word_1_218' title='bbox 2523 1395 2689 1449; x_wconf 89' lang='lat' dir='ltr'>etiam</span> <span class='ocrx_word' id='word_1_219' title='bbox 2711 1412 2767 1449; x_wconf 91' lang='lat' dir='ltr'>se</span> <span class='ocrx_word' id='word_1_220' title='bbox 2797 1411 2910 1450; x_wconf 90' lang='lat' dir='ltr'>esse</span> <span class='ocrx_word' id='word_1_221' title='bbox 2934 1393 3198 1467; x_wconf 88' lang='lat' dir='ltr'>potuisse,</span> <span class='ocrx_word' id='word_1_222' title='bbox 3223 1393 3370 1448; x_wconf 90' lang='lat' dir='ltr'>unde</span> <span class='ocrx_word' id='word_1_223' title='bbox 3397 1393 3649 1465; x_wconf 89' lang='lat' dir='ltr'>cupiebat</span> <span class='ocrx_word' id='word_1_224' title='bbox 3677 1396 3856 1451; x_wconf 86' lang='lat' dir='ltr'>alium</span> 
     </span>
    </p>
   </div>
   <div class='ocr_carea' id='block_1_31' title="bbox 2252 1484 3855 1557">
    <p class='ocr_par' dir='ltr' id='par_1_31' title="bbox 2252 1484 3855 1557">
     <span class='ocr_line' id='line_1_31' title="bbox 2252 1484 3855 1557; baseline 0.001 -16"><span class='ocrx_word' id='word_1_225' title='bbox 2252 1486 2493 1542; x_wconf 88' lang='lat' dir='ltr'>liberari.</span> <span class='ocrx_word' id='word_1_226' title='bbox 2529 1484 2927 1557; x_wconf 85' lang='lat' dir='ltr'>Compatiendo</span> <span class='ocrx_word' id='word_1_227' title='bbox 2977 1485 3128 1540; x_wconf 90' lang='lat' dir='ltr'>enim</span> <span class='ocrx_word' id='word_1_228' title='bbox 3171 1484 3355 1557; x_wconf 86' lang='lat' dir='ltr'>potius</span> <span class='ocrx_word' id='word_1_229' title='bbox 3386 1484 3444 1541; x_wconf 90' lang='lat' dir='ltr'>id</span> <span class='ocrx_word' id='word_1_230' title='bbox 3481 1484 3688 1556; x_wconf 79' lang='lat' dir='ltr'>agebat,</span> <span class='ocrx_word' id='word_1_231' title='bbox 3743 1503 3855 1542; x_wconf 90' lang='lat' dir='ltr'>non</span> 
     </span>
    </p>
   </div>
   <div class='ocr_carea' id='block_1_32' title="bbox 2251 1573 3849 1647">
    <p class='ocr_par' dir='ltr' id='par_1_32' title="bbox 2251 1573 3849 1647">
     <span class='ocr_line' id='line_1_32' title="bbox 2251 1573 3849 1647; baseline -0.001 -17"><span class='ocrx_word' id='word_1_232' title='bbox 2251 1574 2592 1644; x_wconf 90' lang='lat' dir='ltr'>mentiendo,</span> <span class='ocrx_word' id='word_1_233' title='bbox 2625 1575 2767 1636; x_wconf 88' lang='lat' dir='ltr'>sicut</span> <span class='ocrx_word' id='word_1_234' title='bbox 2793 1573 3017 1647; x_wconf 90' lang='lat' dir='ltr'>quidam</span> <span class='ocrx_word' id='word_1_235' title='bbox 3044 1573 3412 1646; x_wconf 86' lang='lat' dir='ltr'>suspicantur,</span> <span class='ocrx_word' id='word_1_236' title='bbox 3442 1581 3498 1628; x_wconf 88' lang='lat' dir='ltr'>et</span> <span class='ocrx_word' id='word_1_237' title='bbox 3513 1573 3573 1628; x_wconf 87' lang='lat' dir='ltr'>hi</span> <span class='ocrx_word' id='word_1_238' title='bbox 3586 1574 3849 1643; x_wconf 77' lang='lat' dir='ltr'>maxime,</span> 
     </span>
    </p>
   </div>
   <div class='ocr_carea' id='block_1_33' title="bbox 535 1662 3852 1743">
    <p class='ocr_par' dir='ltr' id='par_1_33' title="bbox 535 1662 3852 1743">
     <span class='ocr_line' id='line_1_33' title="bbox 535 1662 3852 1743; baseline -0.002 -16"><span class='ocrx_word' id='word_1_239' title='bbox 535 1671 727 1743; x_wconf 86' lang='lat' dir='ltr'>gratia,</span> <span class='ocrx_word' id='word_1_240' title='bbox 764 1671 903 1725; x_wconf 90' lang='lat' dir='ltr'>iram</span> <span class='ocrx_word' id='word_1_241' title='bbox 933 1667 1122 1723; x_wconf 83' lang='lat' dir='ltr'>fratris</span> <span class='ocrx_word' id='word_1_242' title='bbox 1149 1675 1282 1723; x_wconf 89' lang='lat' dir='ltr'>tunc</span> <span class='ocrx_word' id='word_1_243' title='bbox 1323 1666 1587 1739; x_wconf 86' lang='lat' dir='ltr'>portabis,</span> <span class='ocrx_word' id='word_1_244' title='bbox 1621 1682 1746 1720; x_wconf 91' lang='lat' dir='ltr'>cum</span> <span class='ocrx_word' id='word_1_245' title='bbox 1778 1672 1838 1719; x_wconf 89' lang='lat' dir='ltr'>tu</span> <span class='ocrx_word' id='word_1_246' title='bbox 1878 1662 2140 1718; x_wconf 89' lang='lat' dir='ltr'>adversus</span> <span class='ocrx_word' id='word_1_247' title='bbox 2169 1684 2214 1742; x_wconf 85' lang='lat' dir='ltr'>B</span> <span class='ocrx_word' id='word_1_248' title='bbox 2251 1664 2346 1737; x_wconf 91' lang='lat' dir='ltr'>qui</span> <span class='ocrx_word' id='word_1_249' title='bbox 2377 1663 2681 1719; x_wconf 90' lang='lat' dir='ltr'>mendaciis</span> <span class='ocrx_word' id='word_1_250' title='bbox 2712 1662 3075 1719; x_wconf 78' lang='lat' dir='ltr'>defendendis</span> <span class='ocrx_word' id='word_1_251' title='bbox 3095 1679 3213 1734; x_wconf 65' lang='lat' dir='ltr'>qua:</span> <span class='ocrx_word' id='word_1_252' title='bbox 3247 1677 3444 1735; x_wconf 89' lang='lat' dir='ltr'>negare</span> <span class='ocrx_word' id='word_1_253' title='bbox 3460 1679 3571 1718; x_wconf 92' lang='lat' dir='ltr'>non</span> <span class='ocrx_word' id='word_1_254' title='bbox 3601 1670 3852 1734; x_wconf 81' lang='lat' dir='ltr'>possunt,</span> 
     </span>
    </p>
   </div>
   <div class='ocr_carea' id='block_1_34' title="bbox 534 1750 2138 1826">
    <p class='ocr_par' dir='ltr' id='par_1_34' title="bbox 534 1750 2138 1826">
     <span class='ocr_line' id='line_1_34' title="bbox 534 1750 2138 1826; baseline -0.007 -10"><span class='ocrx_word' id='word_1_255' title='bbox 534 1777 660 1816; x_wconf 91' lang='lat' dir='ltr'>eum</span> <span class='ocrx_word' id='word_1_256' title='bbox 690 1775 801 1814; x_wconf 90' lang='lat' dir='ltr'>non</span> <span class='ocrx_word' id='word_1_257' title='bbox 828 1758 1101 1826; x_wconf 88' lang='lat' dir='ltr'>irasceris,</span> <span class='ocrx_word' id='word_1_258' title='bbox 1136 1764 1198 1811; x_wconf 89' lang='lat' dir='ltr'>ut</span> <span class='ocrx_word' id='word_1_259' title='bbox 1222 1772 1442 1811; x_wconf 87' lang='lat' dir='ltr'>rursum</span> <span class='ocrx_word' id='word_1_260' title='bbox 1472 1771 1536 1809; x_wconf 89' lang='lat' dir='ltr'>eo</span> <span class='ocrx_word' id='word_1_261' title='bbox 1569 1761 1811 1825; x_wconf 91' lang='lat' dir='ltr'>tempore</span> <span class='ocrx_word' id='word_1_262' title='bbox 1845 1768 1953 1825; x_wconf 91' lang='lat' dir='ltr'>quo</span> <span class='ocrx_word' id='word_1_263' title='bbox 1978 1760 2030 1806; x_wconf 94' lang='lat' dir='ltr'>te</span> <span class='ocrx_word' id='word_1_264' title='bbox 2056 1750 2138 1805; x_wconf 89' lang='lat' dir='ltr'>ira</span> 
     </span>
    </p>
   </div>
   <div class='ocr_carea' id='block_1_35' title="bbox 533 1848 2138 1927">
    <p class='ocr_par' dir='ltr' id='par_1_35' title="bbox 533 1848 2138 1927">
     <span class='ocr_line' id='line_1_35' title="bbox 533 1848 2138 1927; baseline -0.006 -17"><span class='ocrx_word' id='word_1_265' title='bbox 533 1852 1019 1927; x_wconf 81' lang='lat' dir='ltr'>praeoccupaverit,</span> <span class='ocrx_word' id='word_1_266' title='bbox 1054 1852 1150 1906; x_wconf 94' lang='lat' dir='ltr'>ille</span> <span class='ocrx_word' id='word_1_267' title='bbox 1182 1859 1233 1906; x_wconf 89' lang='lat' dir='ltr'>te</span> <span class='ocrx_word' id='word_1_268' title='bbox 1256 1851 1481 1905; x_wconf 87' lang='lat' dir='ltr'>lenitate</span> <span class='ocrx_word' id='word_1_269' title='bbox 1503 1857 1556 1905; x_wconf 87' lang='lat' dir='ltr'>et</span> <span class='ocrx_word' id='word_1_270' title='bbox 1583 1848 1988 1922; x_wconf 85' lang='lat' dir='ltr'>tranquillitate</span> <span class='ocrx_word' id='word_1_271' title='bbox 2016 1862 2138 1917; x_wconf 88' lang='lat' dir='ltr'>sup-</span> 
     </span>
    </p>
   </div>
   <div class='ocr_carea' id='block_1_36' title="bbox 534 1937 2142 2017">
    <p class='ocr_par' dir='ltr' id='par_1_36' title="bbox 534 1937 2142 2017">
     <span class='ocr_line' id='line_1_36' title="bbox 534 1937 2142 2017; baseline -0.007 -17"><span class='ocrx_word' id='word_1_272' title='bbox 534 1953 735 2017; x_wconf 88' lang='lat' dir='ltr'>portet.</span> <span class='ocrx_word' id='word_1_273' title='bbox 768 1945 885 1999; x_wconf 92' lang='lat' dir='ltr'>Hoc</span> <span class='ocrx_word' id='word_1_274' title='bbox 913 1943 1228 2015; x_wconf 82' lang='lat' dir='ltr'>exemplum</span> <span class='ocrx_word' id='word_1_275' title='bbox 1259 1941 1327 1997; x_wconf 87' lang='lat' dir='ltr'>ad</span> <span class='ocrx_word' id='word_1_276' title='bbox 1360 1940 1417 1996; x_wconf 89' lang='lat' dir='ltr'>id</span> <span class='ocrx_word' id='word_1_277' title='bbox 1445 1940 1706 2012; x_wconf 90' lang='lat' dir='ltr'>pertinet,</span> <span class='ocrx_word' id='word_1_278' title='bbox 1750 1956 1877 1995; x_wconf 89' lang='lat' dir='ltr'>cum</span> <span class='ocrx_word' id='word_1_279' title='bbox 1924 1937 2142 1993; x_wconf 88' lang='lat' dir='ltr'>diversa</span> 
     </span>
    </p>
   </div>
   <div class='ocr_carea' id='block_1_37' title="bbox 535 2023 2141 2106">
    <p class='ocr_par' dir='ltr' id='par_1_37' title="bbox 535 2023 2141 2106">
     <span class='ocr_line' id='line_1_37' title="bbox 535 2023 2141 2106; baseline -0.007 -17"><span class='ocrx_word' id='word_1_280' title='bbox 535 2043 665 2089; x_wconf 90' lang='lat' dir='ltr'>sunt</span> <span class='ocrx_word' id='word_1_281' title='bbox 695 2050 860 2106; x_wconf 89' lang='lat' dir='ltr'>opera</span> <span class='ocrx_word' id='word_1_282' title='bbox 890 2032 1234 2104; x_wconf 89' lang='lat' dir='ltr'>portantium</span> <span class='ocrx_word' id='word_1_283' title='bbox 1264 2047 1429 2087; x_wconf 88' lang='lat' dir='ltr'>onera</span> <span class='ocrx_word' id='word_1_284' title='bbox 1456 2046 1572 2096; x_wconf 90' lang='lat' dir='ltr'>sua,</span> <span class='ocrx_word' id='word_1_285' title='bbox 1614 2028 1868 2101; x_wconf 88' lang='lat' dir='ltr'>quamvis</span> <span class='ocrx_word' id='word_1_286' title='bbox 1898 2027 2016 2097; x_wconf 91' lang='lat' dir='ltr'>ipsa</span> <span class='ocrx_word' id='word_1_287' title='bbox 2044 2023 2141 2079; x_wconf 83' lang='lat' dir='ltr'>di-</span> 
     </span>
    </p>
   </div>
   <div class='ocr_carea' id='block_1_38' title="bbox 535 2115 2139 2177">
    <p class='ocr_par' dir='ltr' id='par_1_38' title="bbox 535 2115 2139 2177">
     <span class='ocr_line' id='line_1_38' title="bbox 535 2115 2139 2177; baseline -0.004 0"><span class='ocrx_word' id='word_1_288' title='bbox 535 2138 692 2177; x_wconf 82' lang='lat' dir='ltr'>versa</span> <span class='ocrx_word' id='word_1_289' title='bbox 719 2138 830 2177; x_wconf 90' lang='lat' dir='ltr'>non</span> <span class='ocrx_word' id='word_1_290' title='bbox 856 2121 929 2177; x_wconf 90' lang='lat' dir='ltr'>sit</span> <span class='ocrx_word' id='word_1_291' title='bbox 958 2120 1252 2175; x_wconf 88' lang='lat' dir='ltr'>inﬁrmitas</span> <span class='ocrx_word' id='word_1_292' title='bbox 1278 2138 1288 2175; x_wconf 93' lang='lat'><strong>:</strong></span> <span class='ocrx_word' id='word_1_293' title='bbox 1321 2119 1379 2174; x_wconf 91' lang='lat' dir='ltr'>in</span> <span class='ocrx_word' id='word_1_294' title='bbox 1408 2118 1676 2174; x_wconf 87' lang='lat' dir='ltr'>ambobus</span> <span class='ocrx_word' id='word_1_295' title='bbox 1703 2116 1849 2171; x_wconf 90' lang='lat' dir='ltr'>enim</span> <span class='ocrx_word' id='word_1_296' title='bbox 1881 2115 1950 2171; x_wconf 89' lang='lat' dir='ltr'>ad</span> <span class='ocrx_word' id='word_1_297' title='bbox 1982 2116 2139 2171; x_wconf 85' lang='lat' dir='ltr'>invi-</span> 
     </span>
    </p>
   </div>
   <div class='ocr_carea' id='block_1_39' title="bbox 536 2205 2142 2282">
    <p class='ocr_par' dir='ltr' id='par_1_39' title="bbox 536 2205 2142 2282">
     <span class='ocr_line' id='line_1_39' title="bbox 536 2205 2142 2282; baseline -0.005 -14"><span class='ocrx_word' id='word_1_298' title='bbox 536 2228 653 2268; x_wconf 90' lang='lat' dir='ltr'>cem</span> <span class='ocrx_word' id='word_1_299' title='bbox 684 2211 762 2266; x_wconf 90' lang='lat' dir='ltr'>ita</span> <span class='ocrx_word' id='word_1_300' title='bbox 800 2218 1078 2282; x_wconf 86' lang='lat' dir='ltr'>portatur.</span> <span class='ocrx_word' id='word_1_301' title='bbox 1123 2210 1209 2265; x_wconf 79' lang='lat' dir='ltr'>Ad</span> <span class='ocrx_word' id='word_1_302' title='bbox 1260 2209 1542 2265; x_wconf 88' lang='lat' dir='ltr'>diversum</span> <span class='ocrx_word' id='word_1_303' title='bbox 1582 2216 1767 2264; x_wconf 89' lang='lat' dir='ltr'>autem</span> <span class='ocrx_word' id='word_1_304' title='bbox 1800 2205 2142 2262; x_wconf 86' lang='lat' dir='ltr'>inﬁrmitatis</span> 
     </span>
    </p>
   </div>
   <div class='ocr_carea' id='block_1_40' title="bbox 536 2296 2142 2373">
    <p class='ocr_par' dir='ltr' id='par_1_40' title="bbox 536 2296 2142 2373">
     <span class='ocr_line' id='line_1_40' title="bbox 536 2296 2142 2373; baseline -0.004 -17"><span class='ocrx_word' id='word_1_305' title='bbox 536 2318 705 2372; x_wconf 86' lang='lat' dir='ltr'>genus</span> <span class='ocrx_word' id='word_1_306' title='bbox 725 2301 879 2357; x_wconf 87' lang='lat' dir='ltr'>aliud</span> <span class='ocrx_word' id='word_1_307' title='bbox 910 2301 1225 2373; x_wconf 84' lang='lat' dir='ltr'>exemplum</span> <span class='ocrx_word' id='word_1_308' title='bbox 1258 2299 1561 2356; x_wconf 92' lang='lat' dir='ltr'>videndum</span> <span class='ocrx_word' id='word_1_309' title='bbox 1592 2305 1710 2354; x_wconf 89' lang='lat' dir='ltr'>est:</span> <span class='ocrx_word' id='word_1_310' title='bbox 1745 2296 1919 2352; x_wconf 89' lang='lat' dir='ltr'>veluti</span> <span class='ocrx_word' id='word_1_311' title='bbox 1951 2296 1997 2350; x_wconf 92' lang='lat' dir='ltr'>si</span> <span class='ocrx_word' id='word_1_312' title='bbox 2019 2296 2142 2367; x_wconf 90' lang='lat' dir='ltr'>quis</span> 
     </span>
    </p>
   </div>
   <div class='ocr_carea' id='block_1_41' title="bbox 535 2383 2139 2463">
    <p class='ocr_par' dir='ltr' id='par_1_41' title="bbox 535 2383 2139 2463">
     <span class='ocr_line' id='line_1_41' title="bbox 535 2383 2139 2463; baseline -0.005 -18"><span class='ocrx_word' id='word_1_313' title='bbox 535 2391 593 2446; x_wconf 90' lang='lat' dir='ltr'>in</span> <span class='ocrx_word' id='word_1_314' title='bbox 625 2407 681 2446; x_wconf 91' lang='lat' dir='ltr'>se</span> <span class='ocrx_word' id='word_1_315' title='bbox 721 2390 1108 2463; x_wconf 88' lang='lat' dir='ltr'>loquacitatem</span> <span class='ocrx_word' id='word_1_316' title='bbox 1140 2388 1364 2458; x_wconf 88' lang='lat' dir='ltr'>vicerit,</span> <span class='ocrx_word' id='word_1_317' title='bbox 1413 2396 1466 2443; x_wconf 89' lang='lat' dir='ltr'>et</span> <span class='ocrx_word' id='word_1_318' title='bbox 1504 2386 1865 2461; x_wconf 89' lang='lat' dir='ltr'>pertinaciam</span> <span class='ocrx_word' id='word_1_319' title='bbox 1893 2383 2139 2440; x_wconf 91' lang='lat' dir='ltr'>nondum</span> 
     </span>
    </p>
   </div>
   <div class='ocr_carea' id='block_1_42' title="bbox 535 2475 2142 2552">
    <p class='ocr_par' dir='ltr' id='par_1_42' title="bbox 535 2475 2142 2552">
     <span class='ocr_line' id='line_1_42' title="bbox 535 2475 2142 2552; baseline -0.004 -17"><span class='ocrx_word' id='word_1_320' title='bbox 535 2481 731 2539; x_wconf 88' lang='lat' dir='ltr'>vicerit</span> <span class='ocrx_word' id='word_1_321' title='bbox 769 2481 912 2537; x_wconf 89' lang='lat' dir='ltr'>alius</span> <span class='ocrx_word' id='word_1_322' title='bbox 941 2498 1073 2537; x_wconf 86' lang='lat' dir='ltr'>vero</span> <span class='ocrx_word' id='word_1_323' title='bbox 1102 2480 1283 2537; x_wconf 90' lang='lat' dir='ltr'>adhuc</span> <span class='ocrx_word' id='word_1_324' title='bbox 1326 2481 1554 2552; x_wconf 86' lang='lat' dir='ltr'>loquax,</span> <span class='ocrx_word' id='word_1_325' title='bbox 1608 2478 1701 2535; x_wconf 91' lang='lat' dir='ltr'>sed</span> <span class='ocrx_word' id='word_1_326' title='bbox 1731 2477 1843 2549; x_wconf 90' lang='lat' dir='ltr'>jam</span> <span class='ocrx_word' id='word_1_327' title='bbox 1886 2475 2142 2548; x_wconf 84' lang='lat' dir='ltr'>pertinax</span> 
     </span>
    </p>
   </div>
   <div class='ocr_carea' id='block_1_43' title="bbox 533 2564 2142 2637">
    <p class='ocr_par' dir='ltr' id='par_1_43' title="bbox 533 2564 2142 2637">
     <span class='ocr_line' id='line_1_43' title="bbox 533 2564 2142 2637; baseline -0.004 -12"><span class='ocrx_word' id='word_1_328' title='bbox 533 2587 645 2625; x_wconf 89' lang='lat' dir='ltr'>non</span> <span class='ocrx_word' id='word_1_329' title='bbox 679 2570 787 2635; x_wconf 90' lang='lat' dir='ltr'>sit;</span> <span class='ocrx_word' id='word_1_330' title='bbox 825 2568 986 2624; x_wconf 80' lang='lat' dir='ltr'>debet</span> <span class='ocrx_word' id='word_1_331' title='bbox 1024 2570 1120 2623; x_wconf 92' lang='lat' dir='ltr'>ille</span> <span class='ocrx_word' id='word_1_332' title='bbox 1146 2567 1312 2637; x_wconf 89' lang='lat' dir='ltr'>hujus</span> <span class='ocrx_word' id='word_1_333' title='bbox 1342 2566 1751 2637; x_wconf 89' lang='lat' dir='ltr'>loquacitatem,</span> <span class='ocrx_word' id='word_1_334' title='bbox 1777 2574 1831 2619; x_wconf 91' lang='lat' dir='ltr'>et</span> <span class='ocrx_word' id='word_1_335' title='bbox 1857 2565 1959 2620; x_wconf 89' lang='lat' dir='ltr'>iste</span> <span class='ocrx_word' id='word_1_336' title='bbox 1990 2564 2142 2619; x_wconf 91' lang='lat' dir='ltr'>illius</span> 
     </span>
    </p>
   </div>
   <div class='ocr_carea' id='block_1_44' title="bbox 533 2653 2139 2730">
    <p class='ocr_par' dir='ltr' id='par_1_44' title="bbox 533 2653 2139 2730">
     <span class='ocr_line' id='line_1_44' title="bbox 533 2653 2139 2730; baseline -0.003 -17"><span class='ocrx_word' id='word_1_337' title='bbox 533 2657 914 2730; x_wconf 87' lang='lat' dir='ltr'>pertinaciam,</span> <span class='ocrx_word' id='word_1_338' title='bbox 946 2656 1121 2711; x_wconf 90' lang='lat' dir='ltr'>donec</span> <span class='ocrx_word' id='word_1_339' title='bbox 1150 2655 1289 2710; x_wconf 91' lang='lat' dir='ltr'>illud</span> <span class='ocrx_word' id='word_1_340' title='bbox 1311 2654 1369 2708; x_wconf 92' lang='lat' dir='ltr'>in</span> <span class='ocrx_word' id='word_1_341' title='bbox 1400 2654 1521 2720; x_wconf 91' lang='lat' dir='ltr'>illo,</span> <span class='ocrx_word' id='word_1_342' title='bbox 1553 2662 1607 2708; x_wconf 89' lang='lat' dir='ltr'>et</span> <span class='ocrx_word' id='word_1_343' title='bbox 1638 2653 1745 2709; x_wconf 89' lang='lat' dir='ltr'>hoc</span> <span class='ocrx_word' id='word_1_344' title='bbox 1765 2654 1823 2708; x_wconf 91' lang='lat' dir='ltr'>in</span> <span class='ocrx_word' id='word_1_345' title='bbox 1853 2653 1959 2709; x_wconf 90' lang='lat' dir='ltr'>isto</span> <span class='ocrx_word' id='word_1_346' title='bbox 1988 2669 2139 2709; x_wconf 85' lang='lat' dir='ltr'>sanc-</span> 
     </span>
    </p>
   </div>
   <div class='ocr_carea' id='block_1_45' title="bbox 534 2741 2142 2816">
    <p class='ocr_par' dir='ltr' id='par_1_45' title="bbox 534 2741 2142 2816">
     <span class='ocr_line' id='line_1_45' title="bbox 534 2741 2142 2816; baseline -0.002 -15"><span class='ocrx_word' id='word_1_347' title='bbox 534 2754 645 2813; x_wconf 90' lang='lat' dir='ltr'>tur,</span> <span class='ocrx_word' id='word_1_348' title='bbox 677 2744 948 2801; x_wconf 90' lang='lat' dir='ltr'>charitate</span> <span class='ocrx_word' id='word_1_349' title='bbox 979 2750 1215 2816; x_wconf 88' lang='lat' dir='ltr'>portare.</span> <span class='ocrx_word' id='word_1_350' title='bbox 1239 2742 1342 2797; x_wconf 90' lang='lat' dir='ltr'>Par</span> <span class='ocrx_word' id='word_1_351' title='bbox 1370 2741 1576 2814; x_wconf 89' lang='lat' dir='ltr'>quippe</span> <span class='ocrx_word' id='word_1_352' title='bbox 1597 2741 1893 2797; x_wconf 89' lang='lat' dir='ltr'>inﬁrmitas</span> <span class='ocrx_word' id='word_1_353' title='bbox 1919 2742 1978 2797; x_wconf 92' lang='lat' dir='ltr'>in</span> <span class='ocrx_word' id='word_1_354' title='bbox 2009 2741 2142 2797; x_wconf 92' lang='lat' dir='ltr'>duo-</span> 
     </span>
    </p>
   </div>
   <div class='ocr_carea' id='block_1_46' title="bbox 533 2830 2138 2902">
    <p class='ocr_par' dir='ltr' id='par_1_46' title="bbox 533 2830 2138 2902">
     <span class='ocr_line' id='line_1_46' title="bbox 533 2830 2138 2902; baseline -0.001 -14"><span class='ocrx_word' id='word_1_355' title='bbox 533 2833 636 2888; x_wconf 91' lang='lat' dir='ltr'>bus</span> <span class='ocrx_word' id='word_1_356' title='bbox 664 2833 710 2888; x_wconf 89' lang='lat' dir='ltr'>si</span> <span class='ocrx_word' id='word_1_357' title='bbox 742 2849 853 2886; x_wconf 91' lang='lat' dir='ltr'>uno</span> <span class='ocrx_word' id='word_1_358' title='bbox 877 2830 1088 2886; x_wconf 90' lang='lat' dir='ltr'>accidat</span> <span class='ocrx_word' id='word_1_359' title='bbox 1122 2839 1386 2902; x_wconf 89' lang='lat' dir='ltr'>tempore,</span> <span class='ocrx_word' id='word_1_360' title='bbox 1418 2831 1649 2886; x_wconf 90' lang='lat' dir='ltr'>tolerare</span> <span class='ocrx_word' id='word_1_361' title='bbox 1679 2847 1735 2887; x_wconf 91' lang='lat' dir='ltr'>se</span> <span class='ocrx_word' id='word_1_362' title='bbox 1765 2830 2005 2887; x_wconf 91' lang='lat' dir='ltr'>invicem</span> <span class='ocrx_word' id='word_1_363' title='bbox 2028 2847 2138 2887; x_wconf 90' lang='lat' dir='ltr'>non</span> 
     </span>
    </p>
   </div>
   <div class='ocr_carea' id='block_1_47' title="bbox 534 2919 2140 2989">
    <p class='ocr_par' dir='ltr' id='par_1_47' title="bbox 534 2919 2140 2989">
     <span class='ocr_line' id='line_1_47' title="bbox 534 2919 2140 2989; baseline 0.001 -15"><span class='ocrx_word' id='word_1_364' title='bbox 534 2921 739 2989; x_wconf 90' lang='lat' dir='ltr'>valent,</span> <span class='ocrx_word' id='word_1_365' title='bbox 770 2936 898 2977; x_wconf 88' lang='lat' dir='ltr'>cum</span> <span class='ocrx_word' id='word_1_366' title='bbox 928 2919 1221 2976; x_wconf 90' lang='lat' dir='ltr'>adversum</span> <span class='ocrx_word' id='word_1_367' title='bbox 1252 2937 1309 2975; x_wconf 92' lang='lat' dir='ltr'>se</span> <span class='ocrx_word' id='word_1_368' title='bbox 1337 2920 1666 2975; x_wconf 89' lang='lat' dir='ltr'>intenditur.</span> <span class='ocrx_word' id='word_1_369' title='bbox 1700 2920 1837 2975; x_wconf 89' lang='lat' dir='ltr'>Nam</span> <span class='ocrx_word' id='word_1_370' title='bbox 1879 2920 2140 2976; x_wconf 88' lang='lat' dir='ltr'>adversus</span> 
     </span>
    </p>
   </div>
   <div class='ocr_carea' id='block_1_48' title="bbox 533 3009 2216 3100">
    <p class='ocr_par' dir='ltr' id='par_1_48' title="bbox 533 3009 2216 3100">
     <span class='ocr_line' id='line_1_48' title="bbox 533 3009 2216 3100; baseline 0.002 -36"><span class='ocrx_word' id='word_1_371' title='bbox 533 3010 774 3082; x_wconf 89' lang='lat' dir='ltr'>aliquem</span> <span class='ocrx_word' id='word_1_372' title='bbox 802 3010 1027 3067; x_wconf 85' lang='lat' dir='ltr'>tertium</span> <span class='ocrx_word' id='word_1_373' title='bbox 1058 3017 1111 3066; x_wconf 90' lang='lat' dir='ltr'>et</span> <span class='ocrx_word' id='word_1_374' title='bbox 1139 3009 1250 3065; x_wconf 92' lang='lat' dir='ltr'>duo</span> <span class='ocrx_word' id='word_1_375' title='bbox 1279 3009 1406 3066; x_wconf 89' lang='lat' dir='ltr'>irati</span> <span class='ocrx_word' id='word_1_376' title='bbox 1438 3009 1546 3065; x_wconf 92' lang='lat' dir='ltr'>sibi</span> <span class='ocrx_word' id='word_1_377' title='bbox 1585 3011 1953 3078; x_wconf 90' lang='lat' dir='ltr'>conveniunt,</span> <span class='ocrx_word' id='word_1_378' title='bbox 1985 3019 2040 3067; x_wconf 91' lang='lat' dir='ltr'>et</span> <span class='ocrx_word' id='word_1_379' title='bbox 2084 3027 2141 3066; x_wconf 91' lang='lat' dir='ltr'>se</span> <span class='ocrx_word' id='word_1_380' title='bbox 2173 3040 2216 3100; x_wconf 67' lang='grc' dir='ltr'><strong>ρ</strong></span> 
     </span>
    </p>
   </div>
   <div class='ocr_carea' id='block_1_49' title="bbox 534 3100 2140 3176">
    <p class='ocr_par' dir='ltr' id='par_1_49' title="bbox 534 3100 2140 3176">
     <span class='ocr_line' id='line_1_49' title="bbox 534 3100 2140 3176; baseline 0 -19"><span class='ocrx_word' id='word_1_381' title='bbox 534 3104 799 3159; x_wconf 90' lang='lat' dir='ltr'>tolerant:</span> <span class='ocrx_word' id='word_1_382' title='bbox 832 3118 1144 3176; x_wconf 89' lang='lat' dir='ltr'>quanquam</span> <span class='ocrx_word' id='word_1_383' title='bbox 1176 3119 1278 3160; x_wconf 91' lang='lat' dir='ltr'>nec</span> <span class='ocrx_word' id='word_1_384' title='bbox 1308 3103 1566 3170; x_wconf 89' lang='lat' dir='ltr'>tolerare,</span> <span class='ocrx_word' id='word_1_385' title='bbox 1597 3101 1692 3158; x_wconf 91' lang='lat' dir='ltr'>sed</span> <span class='ocrx_word' id='word_1_386' title='bbox 1726 3100 1965 3157; x_wconf 90' lang='lat' dir='ltr'>invicem</span> <span class='ocrx_word' id='word_1_387' title='bbox 1994 3119 2140 3159; x_wconf 92' lang='lat' dir='ltr'>con-</span> 
     </span>
    </p>
   </div>
   <div class='ocr_carea' id='block_1_50' title="bbox 533 3190 2141 3262">
    <p class='ocr_par' dir='ltr' id='par_1_50' title="bbox 533 3190 2141 3262">
     <span class='ocr_line' id='line_1_50' title="bbox 533 3190 2141 3262; baseline 0 -16"><span class='ocrx_word' id='word_1_388' title='bbox 533 3190 745 3258; x_wconf 85' lang='lat' dir='ltr'>solaris,</span> <span class='ocrx_word' id='word_1_389' title='bbox 768 3190 913 3246; x_wconf 90' lang='lat' dir='ltr'>sicut</span> <span class='ocrx_word' id='word_1_390' title='bbox 933 3191 1185 3247; x_wconf 88' lang='lat' dir='ltr'>ettristes</span> <span class='ocrx_word' id='word_1_391' title='bbox 1204 3191 1271 3246; x_wconf 92' lang='lat' dir='ltr'>de</span> <span class='ocrx_word' id='word_1_392' title='bbox 1293 3207 1350 3246; x_wconf 91' lang='lat' dir='ltr'>re</span> <span class='ocrx_word' id='word_1_393' title='bbox 1376 3207 1487 3246; x_wconf 91' lang='lat' dir='ltr'>una</span> <span class='ocrx_word' id='word_1_394' title='bbox 1506 3190 1720 3262; x_wconf 81' lang='lat' dir='ltr'>magnis</span> <span class='ocrx_word' id='word_1_395' title='bbox 1742 3206 1798 3246; x_wconf 90' lang='lat' dir='ltr'>se</span> <span class='ocrx_word' id='word_1_396' title='bbox 1823 3198 2064 3262; x_wconf 90' lang='lat' dir='ltr'>portant,</span> <span class='ocrx_word' id='word_1_397' title='bbox 2087 3198 2141 3246; x_wconf 88' lang='lat' dir='ltr'>et</span> 
     </span>
    </p>
   </div>
   <div class='ocr_carea' id='block_1_51' title="bbox 533 3277 2138 3354">
    <p class='ocr_par' dir='ltr' id='par_1_51' title="bbox 533 3277 2138 3354">
     <span class='ocr_line' id='line_1_51' title="bbox 533 3277 2138 3354; baseline -0.002 -18"><span class='ocrx_word' id='word_1_398' title='bbox 533 3279 687 3354; x_wconf 89' lang='lat' dir='ltr'>quasi</span> <span class='ocrx_word' id='word_1_399' title='bbox 709 3280 1038 3336; x_wconf 90' lang='lat' dir='ltr'>incumbunt</span> <span class='ocrx_word' id='word_1_400' title='bbox 1066 3278 1194 3347; x_wconf 91' lang='lat' dir='ltr'>sibi,</span> <span class='ocrx_word' id='word_1_401' title='bbox 1219 3296 1381 3352; x_wconf 89' lang='lat' dir='ltr'>quam</span> <span class='ocrx_word' id='word_1_402' title='bbox 1404 3279 1449 3335; x_wconf 91' lang='lat' dir='ltr'>si</span> <span class='ocrx_word' id='word_1_403' title='bbox 1467 3295 1612 3334; x_wconf 91' lang='lat' dir='ltr'>unus</span> <span class='ocrx_word' id='word_1_404' title='bbox 1632 3278 1807 3333; x_wconf 84' lang='lat' dir='ltr'>tristis</span> <span class='ocrx_word' id='word_1_405' title='bbox 1828 3277 2138 3344; x_wconf 89' lang='lat' dir='ltr'>esset,alius</span> 
     </span>
    </p>
   </div>
   <div class='ocr_carea' id='block_1_52' title="bbox 531 3367 2138 3441">
    <p class='ocr_par' dir='ltr' id='par_1_52' title="bbox 531 3367 2138 3441">
     <span class='ocr_line' id='line_1_52' title="bbox 531 3367 2138 3441; baseline -0.004 -16"><span class='ocrx_word' id='word_1_406' title='bbox 531 3375 587 3425; x_wconf 91' lang='lat' dir='ltr'>et</span> <span class='ocrx_word' id='word_1_407' title='bbox 612 3368 869 3441; x_wconf 84' lang='lat' dir='ltr'>gauderet</span> <span class='ocrx_word' id='word_1_408' title='bbox 902 3386 914 3424; x_wconf 92' lang='lat'><strong>:</strong></span> <span class='ocrx_word' id='word_1_409' title='bbox 939 3369 985 3424; x_wconf 93' lang='lat' dir='ltr'>si</span> <span class='ocrx_word' id='word_1_410' title='bbox 1015 3377 1197 3425; x_wconf 90' lang='lat' dir='ltr'>autem</span> <span class='ocrx_word' id='word_1_411' title='bbox 1213 3368 1506 3424; x_wconf 90' lang='lat' dir='ltr'>adversum</span> <span class='ocrx_word' id='word_1_412' title='bbox 1537 3383 1592 3422; x_wconf 92' lang='lat' dir='ltr'>se</span> <span class='ocrx_word' id='word_1_413' title='bbox 1609 3367 1795 3422; x_wconf 89' lang='lat' dir='ltr'>tristes</span> <span class='ocrx_word' id='word_1_414' title='bbox 1814 3373 1962 3433; x_wconf 91' lang='lat' dir='ltr'>sunt,</span> <span class='ocrx_word' id='word_1_415' title='bbox 1986 3382 2138 3436; x_wconf 90' lang='lat' dir='ltr'>pror-</span> 
     </span>
    </p>
   </div>
   <div class='ocr_carea' id='block_1_53' title="bbox 534 3453 2137 3530">
    <p class='ocr_par' dir='ltr' id='par_1_53' title="bbox 534 3453 2137 3530">
     <span class='ocr_line' id='line_1_53' title="bbox 534 3453 2137 3530; baseline -0.004 -15"><span class='ocrx_word' id='word_1_416' title='bbox 534 3476 628 3516; x_wconf 91' lang='lat' dir='ltr'>sus</span> <span class='ocrx_word' id='word_1_417' title='bbox 671 3476 728 3516; x_wconf 93' lang='lat' dir='ltr'>se</span> <span class='ocrx_word' id='word_1_418' title='bbox 775 3460 1011 3516; x_wconf 88' lang='lat' dir='ltr'>tolerare</span> <span class='ocrx_word' id='word_1_419' title='bbox 1041 3475 1152 3514; x_wconf 91' lang='lat' dir='ltr'>non</span> <span class='ocrx_word' id='word_1_420' title='bbox 1182 3464 1434 3530; x_wconf 90' lang='lat' dir='ltr'>possunt.</span> <span class='ocrx_word' id='word_1_421' title='bbox 1468 3457 1540 3511; x_wconf 92' lang='lat' dir='ltr'>Et</span> <span class='ocrx_word' id='word_1_422' title='bbox 1568 3454 1694 3511; x_wconf 91' lang='lat' dir='ltr'>ideo</span> <span class='ocrx_word' id='word_1_423' title='bbox 1724 3456 1783 3510; x_wconf 91' lang='lat' dir='ltr'>in</span> <span class='ocrx_word' id='word_1_424' title='bbox 1814 3453 2137 3526; x_wconf 90' lang='lat' dir='ltr'>hujusmodi</span> 
     </span>
    </p>
   </div>
   <div class='ocr_carea' id='block_1_54' title="bbox 532 3543 2137 3618">
    <p class='ocr_par' dir='ltr' id='par_1_54' title="bbox 532 3543 2137 3618">
     <span class='ocr_line' id='line_1_54' title="bbox 532 3543 2137 3618; baseline -0.003 -15"><span class='ocrx_word' id='word_1_425' title='bbox 532 3549 917 3605; x_wconf 68' lang='lat' dir='ltr'>affectionibus</span> <span class='ocrx_word' id='word_1_426' title='bbox 950 3548 1299 3618; x_wconf 89' lang='lat' dir='ltr'>suscipienda</span> <span class='ocrx_word' id='word_1_427' title='bbox 1328 3555 1383 3602; x_wconf 92' lang='lat' dir='ltr'>et</span> <span class='ocrx_word' id='word_1_428' title='bbox 1407 3545 1814 3618; x_wconf 89' lang='lat' dir='ltr'>aliquantulum</span> <span class='ocrx_word' id='word_1_429' title='bbox 1846 3546 1964 3616; x_wconf 89' lang='lat' dir='ltr'>ipsa</span> <span class='ocrx_word' id='word_1_430' title='bbox 1987 3543 2137 3616; x_wconf 74' lang='lat' dir='ltr'>aegri-</span> 
     </span>
    </p>
   </div>
   <div class='ocr_carea' id='block_1_55' title="bbox 534 3633 2138 3708">
    <p class='ocr_par' dir='ltr' id='par_1_55' title="bbox 534 3633 2138 3708">
     <span class='ocr_line' id='line_1_55' title="bbox 534 3633 2138 3708; baseline -0.003 -16"><span class='ocrx_word' id='word_1_431' title='bbox 534 3637 688 3704; x_wconf 91' lang='lat' dir='ltr'>tudo,</span> <span class='ocrx_word' id='word_1_432' title='bbox 716 3636 783 3691; x_wconf 93' lang='lat' dir='ltr'>de</span> <span class='ocrx_word' id='word_1_433' title='bbox 817 3652 925 3708; x_wconf 89' lang='lat' dir='ltr'>qua</span> <span class='ocrx_word' id='word_1_434' title='bbox 962 3636 1047 3689; x_wconf 90' lang='lat' dir='ltr'>vis</span> <span class='ocrx_word' id='word_1_435' title='bbox 1078 3652 1172 3706; x_wconf 92' lang='lat' dir='ltr'>per</span> <span class='ocrx_word' id='word_1_436' title='bbox 1198 3643 1251 3690; x_wconf 90' lang='lat' dir='ltr'>te</span> <span class='ocrx_word' id='word_1_437' title='bbox 1288 3635 1459 3689; x_wconf 89' lang='lat' dir='ltr'>alium</span> <span class='ocrx_word' id='word_1_438' title='bbox 1491 3633 1735 3700; x_wconf 91' lang='lat' dir='ltr'>liberari,</span> <span class='ocrx_word' id='word_1_439' title='bbox 1762 3641 1815 3688; x_wconf 88' lang='lat' dir='ltr'>et</span> <span class='ocrx_word' id='word_1_440' title='bbox 1846 3634 1925 3689; x_wconf 92' lang='lat' dir='ltr'>sic</span> <span class='ocrx_word' id='word_1_441' title='bbox 1954 3635 2138 3689; x_wconf 89' lang='lat' dir='ltr'>susci-</span> 
     </span>
    </p>
   </div>
   <div class='ocr_carea' id='block_1_56' title="bbox 530 3721 2137 3797">
    <p class='ocr_par' dir='ltr' id='par_1_56' title="bbox 530 3721 2137 3797">
     <span class='ocr_line' id='line_1_56' title="bbox 530 3721 2137 3797; baseline -0.001 -18"><span class='ocrx_word' id='word_1_442' title='bbox 530 3726 750 3797; x_wconf 90' lang='lat' dir='ltr'>pienda,</span> <span class='ocrx_word' id='word_1_443' title='bbox 782 3732 844 3779; x_wconf 91' lang='lat' dir='ltr'>ut</span> <span class='ocrx_word' id='word_1_444' title='bbox 863 3723 932 3779; x_wconf 88' lang='lat' dir='ltr'>ad</span> <span class='ocrx_word' id='word_1_445' title='bbox 951 3724 1248 3791; x_wconf 87' lang='lat' dir='ltr'>auxilium,</span> <span class='ocrx_word' id='word_1_446' title='bbox 1279 3739 1391 3778; x_wconf 90' lang='lat' dir='ltr'>non</span> <span class='ocrx_word' id='word_1_447' title='bbox 1414 3721 1484 3777; x_wconf 89' lang='lat' dir='ltr'>ad</span> <span class='ocrx_word' id='word_1_448' title='bbox 1509 3722 1880 3794; x_wconf 77' lang='lat' dir='ltr'>aequalitatem</span> <span class='ocrx_word' id='word_1_449' title='bbox 1903 3723 2137 3778; x_wconf 85' lang='lat' dir='ltr'>miseriae</span> 
     </span>
    </p>
   </div>
   <div class='ocr_carea' id='block_1_57' title="bbox 532 3810 2138 3885">
    <p class='ocr_par' dir='ltr' id='par_1_57' title="bbox 532 3810 2138 3885">
     <span class='ocr_line' id='line_1_57' title="bbox 532 3810 2138 3885; baseline -0.001 -17"><span class='ocrx_word' id='word_1_450' title='bbox 532 3814 733 3881; x_wconf 84' lang='lat' dir='ltr'>valeat,</span> <span class='ocrx_word' id='word_1_451' title='bbox 760 3811 1225 3885; x_wconf 89' lang='lat' dir='ltr'>quemadmodum</span> <span class='ocrx_word' id='word_1_452' title='bbox 1254 3827 1311 3867; x_wconf 91' lang='lat' dir='ltr'>se</span> <span class='ocrx_word' id='word_1_453' title='bbox 1348 3810 1603 3877; x_wconf 86' lang='lat' dir='ltr'>inclinat,</span> <span class='ocrx_word' id='word_1_454' title='bbox 1657 3810 1752 3882; x_wconf 90' lang='lat' dir='ltr'>qui</span> <span class='ocrx_word' id='word_1_455' title='bbox 1796 3827 2017 3866; x_wconf 89' lang='lat' dir='ltr'>manum</span> <span class='ocrx_word' id='word_1_456' title='bbox 2042 3810 2138 3881; x_wconf 88' lang='lat' dir='ltr'>ja-</span> 
     </span>
    </p>
   </div>
   <div class='ocr_carea' id='block_1_58' title="bbox 531 3896 2134 3973">
    <p class='ocr_par' dir='ltr' id='par_1_58' title="bbox 531 3896 2134 3973">
     <span class='ocr_line' id='line_1_58' title="bbox 531 3896 2134 3973; baseline -0.002 -14"><span class='ocrx_word' id='word_1_457' title='bbox 531 3903 677 3959; x_wconf 92' lang='lat' dir='ltr'>centi</span> <span class='ocrx_word' id='word_1_458' title='bbox 698 3902 949 3973; x_wconf 83' lang='lat' dir='ltr'>porrigit.</span> <span class='ocrx_word' id='word_1_459' title='bbox 969 3900 1093 3955; x_wconf 86' lang='lat' dir='ltr'>Non</span> <span class='ocrx_word' id='word_1_460' title='bbox 1109 3899 1259 3955; x_wconf 90' lang='lat' dir='ltr'>enim</span> <span class='ocrx_word' id='word_1_461' title='bbox 1289 3913 1345 3953; x_wconf 91' lang='lat' dir='ltr'>se</span> <span class='ocrx_word' id='word_1_462' title='bbox 1375 3896 1618 3969; x_wconf 91' lang='lat' dir='ltr'>projicit,</span> <span class='ocrx_word' id='word_1_463' title='bbox 1642 3905 1702 3952; x_wconf 92' lang='lat' dir='ltr'>ut</span> <span class='ocrx_word' id='word_1_464' title='bbox 1718 3898 1879 3954; x_wconf 91' lang='lat' dir='ltr'>ambo</span> <span class='ocrx_word' id='word_1_465' title='bbox 1892 3898 2134 3970; x_wconf 85' lang='lat' dir='ltr'>jaceant,</span> 
     </span>
    </p>
   </div>
   <div class='ocr_carea' id='block_1_59' title="bbox 529 3986 1775 4060">
    <p class='ocr_par' dir='ltr' id='par_1_59' title="bbox 529 3986 1775 4060">
     <span class='ocr_line' id='line_1_59' title="bbox 529 3986 1775 4060; baseline -0.002 -15"><span class='ocrx_word' id='word_1_466' title='bbox 529 3990 625 4045; x_wconf 91' lang='lat' dir='ltr'>sed</span> <span class='ocrx_word' id='word_1_467' title='bbox 661 3991 917 4045; x_wconf 88' lang='lat' dir='ltr'>incurvat</span> <span class='ocrx_word' id='word_1_468' title='bbox 946 3996 1151 4055; x_wconf 89' lang='lat' dir='ltr'>tamen,</span> <span class='ocrx_word' id='word_1_469' title='bbox 1184 3995 1249 4043; x_wconf 90' lang='lat' dir='ltr'>ut</span> <span class='ocrx_word' id='word_1_470' title='bbox 1273 3986 1549 4057; x_wconf 90' lang='lat' dir='ltr'>jacentem</span> <span class='ocrx_word' id='word_1_471' title='bbox 1582 3987 1775 4060; x_wconf 84' lang='lat' dir='ltr'>erigat.</span> 
     </span>
    </p>
   </div>
   <div class='ocr_carea' id='block_1_60' title="bbox 600 4084 2137 4159">
    <p class='ocr_par' dir='ltr' id='par_1_60' title="bbox 600 4084 2137 4159">
     <span class='ocr_line' id='line_1_60' title="bbox 600 4084 2137 4159; baseline 0.001 -17"><span class='ocrx_word' id='word_1_472' title='bbox 600 4088 786 4159; x_wconf 89' lang='lat' dir='ltr'>Neque</span> <span class='ocrx_word' id='word_1_473' title='bbox 813 4086 927 4141; x_wconf 90' lang='lat' dir='ltr'>ulla</span> <span class='ocrx_word' id='word_1_474' title='bbox 955 4101 1041 4141; x_wconf 91' lang='lat' dir='ltr'>res</span> <span class='ocrx_word' id='word_1_475' title='bbox 1071 4084 1378 4141; x_wconf 76' lang='lat' dir='ltr'>ofﬁciosum</span> <span class='ocrx_word' id='word_1_476' title='bbox 1410 4084 1578 4140; x_wconf 90' lang='lat' dir='ltr'>istum</span> <span class='ocrx_word' id='word_1_477' title='bbox 1610 4086 1852 4141; x_wconf 89' lang='lat' dir='ltr'>laborem</span> <span class='ocrx_word' id='word_1_478' title='bbox 1896 4086 1965 4142; x_wconf 92' lang='lat' dir='ltr'>ad</span> <span class='ocrx_word' id='word_1_479' title='bbox 1997 4103 2137 4159; x_wconf 89' lang='lat' dir='ltr'>por-</span> 
     </span>
    </p>
   </div>
   <div class='ocr_carea' id='block_1_61' title="bbox 530 4174 2134 4248">
    <p class='ocr_par' dir='ltr' id='par_1_61' title="bbox 530 4174 2134 4248">
     <span class='ocr_line' id='line_1_61' title="bbox 530 4174 2134 4248; baseline 0 -15"><span class='ocrx_word' id='word_1_480' title='bbox 530 4175 697 4233; x_wconf 87' lang='lat' dir='ltr'>tanda</span> <span class='ocrx_word' id='word_1_481' title='bbox 721 4192 887 4232; x_wconf 90' lang='lat' dir='ltr'>onera</span> <span class='ocrx_word' id='word_1_482' title='bbox 906 4175 1143 4231; x_wconf 89' lang='lat' dir='ltr'>aliorum</span> <span class='ocrx_word' id='word_1_483' title='bbox 1170 4175 1303 4231; x_wconf 88' lang='lat' dir='ltr'>facit</span> <span class='ocrx_word' id='word_1_484' title='bbox 1322 4175 1562 4231; x_wconf 89' lang='lat' dir='ltr'>libenter</span> <span class='ocrx_word' id='word_1_485' title='bbox 1583 4174 1854 4248; x_wconf 89' lang='lat' dir='ltr'>impendi,</span> <span class='ocrx_word' id='word_1_486' title='bbox 1877 4175 1983 4231; x_wconf 91' lang='lat' dir='ltr'>nisi</span> <span class='ocrx_word' id='word_1_487' title='bbox 2010 4194 2134 4233; x_wconf 88' lang='lat' dir='ltr'>cum</span> 
     </span>
    </p>
   </div>
   <div class='ocr_carea' id='block_1_62' title="bbox 530 4264 2137 4339">
    <p class='ocr_par' dir='ltr' id='par_1_62' title="bbox 530 4264 2137 4339">
     <span class='ocr_line' id='line_1_62' title="bbox 530 4264 2137 4339; baseline -0.001 -17"><span class='ocrx_word' id='word_1_488' title='bbox 530 4265 833 4339; x_wconf 85' lang='lat' dir='ltr'>cogitamus</span> <span class='ocrx_word' id='word_1_489' title='bbox 860 4273 1065 4339; x_wconf 86' lang='lat' dir='ltr'>quanta</span> <span class='ocrx_word' id='word_1_490' title='bbox 1099 4281 1197 4338; x_wconf 90' lang='lat' dir='ltr'>pro</span> <span class='ocrx_word' id='word_1_491' title='bbox 1247 4264 1408 4320; x_wconf 87' lang='lat' dir='ltr'>nobis</span> <span class='ocrx_word' id='word_1_492' title='bbox 1436 4265 1631 4321; x_wconf 90' lang='lat' dir='ltr'>tulerit</span> <span class='ocrx_word' id='word_1_493' title='bbox 1663 4265 1955 4321; x_wconf 89' lang='lat' dir='ltr'>Dominus.</span> <span class='ocrx_word' id='word_1_494' title='bbox 1994 4266 2137 4322; x_wconf 89' lang='lat' dir='ltr'>Hinc</span> 
     </span>
    </p>
   </div>
   <div class='ocr_carea' id='block_1_63' title="bbox 528 4353 2136 4426">
    <p class='ocr_par' dir='ltr' id='par_1_63' title="bbox 528 4353 2136 4426">
     <span class='ocr_line' id='line_1_63' title="bbox 528 4353 2136 4426; baseline -0.002 -15"><span class='ocrx_word' id='word_1_495' title='bbox 528 4355 675 4411; x_wconf 91' lang='lat' dir='ltr'>enim</span> <span class='ocrx_word' id='word_1_496' title='bbox 716 4354 1016 4411; x_wconf 90' lang='lat' dir='ltr'>admonens</span> <span class='ocrx_word' id='word_1_497' title='bbox 1045 4354 1122 4409; x_wconf 88' lang='lat' dir='ltr'>ait</span> <span class='ocrx_word' id='word_1_498' title='bbox 1151 4353 1487 4426; x_wconf 87' lang='lat' dir='ltr'>Apostolus:</span> <span class='ocrx_word' id='word_1_499' title='bbox 1524 4354 1633 4408; x_wconf 90' lang='lat' dir='ltr'>Hoc</span> <span class='ocrx_word' id='word_1_500' title='bbox 1664 4354 1846 4409; x_wconf 80' lang='lat' dir='ltr'>sentite</span> <span class='ocrx_word' id='word_1_501' title='bbox 1888 4355 1945 4408; x_wconf 84' lang='lat' dir='ltr'>in</span> <span class='ocrx_word' id='word_1_502' title='bbox 1991 4355 2136 4409; x_wconf 79' lang='lat' dir='ltr'>vobis</span> 
     </span>
    </p>
   </div>
   <div class='ocr_carea' id='block_1_64' title="bbox 528 4441 2133 4513">
    <p class='ocr_par' dir='ltr' id='par_1_64' title="bbox 528 4441 2133 4513">
     <span class='ocr_line' id='line_1_64' title="bbox 528 4441 2133 4513; baseline -0.001 -16"><span class='ocrx_word' id='word_1_503' title='bbox 528 4442 670 4512; x_wconf 85' lang='lat' dir='ltr'>quod</span> <span class='ocrx_word' id='word_1_504' title='bbox 694 4448 742 4496; x_wconf 89' lang='lat' dir='ltr'>et</span> <span class='ocrx_word' id='word_1_505' title='bbox 765 4442 822 4496; x_wconf 82' lang='lat' dir='ltr'>in</span> <span class='ocrx_word' id='word_1_506' title='bbox 851 4441 1062 4498; x_wconf 87' lang='lat' dir='ltr'>Christo</span> <span class='ocrx_word' id='word_1_507' title='bbox 1093 4442 1236 4497; x_wconf 83' lang='lat' dir='ltr'>Iesu.</span> <span class='ocrx_word' id='word_1_508' title='bbox 1284 4443 1387 4510; x_wconf 84' lang='lat' dir='ltr'>Qui</span> <span class='ocrx_word' id='word_1_509' title='bbox 1419 4459 1537 4497; x_wconf 88' lang='lat' dir='ltr'>cum</span> <span class='ocrx_word' id='word_1_510' title='bbox 1565 4443 1621 4496; x_wconf 87' lang='lat' dir='ltr'>in</span> <span class='ocrx_word' id='word_1_511' title='bbox 1650 4443 1832 4513; x_wconf 81' lang='lat' dir='ltr'>forma</span> <span class='ocrx_word' id='word_1_512' title='bbox 1860 4443 1959 4499; x_wconf 87' lang='lat' dir='ltr'>Dei</span> <span class='ocrx_word' id='word_1_513' title='bbox 1987 4449 2133 4511; x_wconf 81' lang='lat' dir='ltr'>esset,</span> 
     </span>
    </p>
   </div>
   <div class='ocr_carea' id='block_1_65' title="bbox 526 4531 2138 4603">
    <p class='ocr_par' dir='ltr' id='par_1_65' title="bbox 526 4531 2138 4603">
     <span class='ocr_line' id='line_1_65' title="bbox 526 4531 2138 4603; baseline 0 -17"><span class='ocrx_word' id='word_1_514' title='bbox 526 4549 632 4587; x_wconf 85' lang='lat' dir='ltr'>non</span> <span class='ocrx_word' id='word_1_515' title='bbox 673 4532 923 4602; x_wconf 80' lang='lat' dir='ltr'>rapinam</span> <span class='ocrx_word' id='word_1_516' title='bbox 964 4531 1265 4587; x_wconf 80' lang='lat' dir='ltr'>arbitratus</span> <span class='ocrx_word' id='word_1_517' title='bbox 1288 4538 1366 4587; x_wconf 84' lang='lat' dir='ltr'>est</span> <span class='ocrx_word' id='word_1_518' title='bbox 1390 4549 1495 4587; x_wconf 89' lang='lat' dir='ltr'>esse</span> <span class='ocrx_word' id='word_1_519' title='bbox 1520 4549 1572 4587; x_wconf 88' lang='lat' dir='ltr'>se</span> <span class='ocrx_word' id='word_1_520' title='bbox 1599 4534 1855 4603; x_wconf 63' lang='lat' dir='ltr'>aqualem</span> <span class='ocrx_word' id='word_1_521' title='bbox 1878 4533 2009 4600; x_wconf 90' lang='lat' dir='ltr'>Deo,</span> <span class='ocrx_word' id='word_1_522' title='bbox 2051 4550 2138 4587; x_wconf 88' lang='lat' dir='ltr'>sea</span> 
     </span>
    </p>
   </div>
   <div class='ocr_carea' id='block_1_66' title="bbox 526 4620 2138 4692">
    <p class='ocr_par' dir='ltr' id='par_1_66' title="bbox 526 4620 2138 4692">
     <span class='ocr_line' id='line_1_66' title="bbox 526 4620 2138 4692; baseline -0.001 -16"><span class='ocrx_word' id='word_1_523' title='bbox 526 4622 854 4691; x_wconf 81' lang='lat' dir='ltr'>semetipsum</span> <span class='ocrx_word' id='word_1_524' title='bbox 909 4620 1205 4675; x_wconf 71' lang='lat' dir='ltr'>exinanieit</span> <span class='ocrx_word' id='word_1_525' title='bbox 1253 4620 1487 4690; x_wconf 85' lang='lat' dir='ltr'>formam</span> <span class='ocrx_word' id='word_1_526' title='bbox 1551 4620 1690 4676; x_wconf 82' lang='lat' dir='ltr'>servi</span> <span class='ocrx_word' id='word_1_527' title='bbox 1744 4621 2022 4692; x_wconf 85' lang='lat' dir='ltr'>accipiens,</span> <span class='ocrx_word' id='word_1_528' title='bbox 2082 4622 2138 4674; x_wconf 83' lang='lat' dir='ltr'>in</span> 
     </span>
    </p>
   </div>
   <div class='ocr_carea' id='block_1_67' title="bbox 526 4710 2139 4783">
    <p class='ocr_par' dir='ltr' id='par_1_67' title="bbox 526 4710 2139 4783">
     <span class='ocr_line' id='line_1_67' title="bbox 526 4710 2139 4783; baseline 0.001 -18"><span class='ocrx_word' id='word_1_529' title='bbox 526 4710 926 4766; x_wconf 79' lang='lat' dir='ltr'>similitudinem</span> <span class='ocrx_word' id='word_1_530' title='bbox 973 4711 1243 4765; x_wconf 85' lang='lat' dir='ltr'>hominum</span> <span class='ocrx_word' id='word_1_531' title='bbox 1269 4711 1463 4783; x_wconf 84' lang='lat' dir='ltr'>factus,</span> <span class='ocrx_word' id='word_1_532' title='bbox 1513 4719 1559 4767; x_wconf 88' lang='lat' dir='ltr'>et</span> <span class='ocrx_word' id='word_1_533' title='bbox 1586 4712 1767 4767; x_wconf 85' lang='lat' dir='ltr'>habitu</span> <span class='ocrx_word' id='word_1_534' title='bbox 1810 4713 2047 4767; x_wconf 83' lang='lat' dir='ltr'>inventus</span> <span class='ocrx_word' id='word_1_535' title='bbox 2081 4718 2139 4766; x_wconf 86' lang='lat' dir='ltr'>ut</span> 
     </span>
    </p>
   </div>
   <div class='ocr_carea' id='block_1_68' title="bbox 526 4798 2137 4872">
    <p class='ocr_par' dir='ltr' id='par_1_68' title="bbox 526 4798 2137 4872">
     <span class='ocr_line' id='line_1_68' title="bbox 526 4798 2137 4872; baseline 0.002 -18"><span class='ocrx_word' id='word_1_536' title='bbox 526 4800 698 4854; x_wconf 86' lang='lat' dir='ltr'>homo.</span> <span class='ocrx_word' id='word_1_537' title='bbox 732 4798 1053 4854; x_wconf 87' lang='lat' dir='ltr'>Humiliavit</span> <span class='ocrx_word' id='word_1_538' title='bbox 1089 4800 1419 4872; x_wconf 78' lang='lat' dir='ltr'>semetipsum</span> <span class='ocrx_word' id='word_1_539' title='bbox 1455 4800 1631 4870; x_wconf 82' lang='lat' dir='ltr'>factus</span> <span class='ocrx_word' id='word_1_540' title='bbox 1679 4801 1920 4857; x_wconf 86' lang='lat' dir='ltr'>obediens</span> <span class='ocrx_word' id='word_1_541' title='bbox 1970 4818 2137 4872; x_wconf 86' lang='lat' dir='ltr'>usque</span> 
     </span>
    </p>
   </div>
   <div class='ocr_carea' id='block_1_69' title="bbox 524 4889 2136 4962">
    <p class='ocr_par' dir='ltr' id='par_1_69' title="bbox 524 4889 2136 4962">
     <span class='ocr_line' id='line_1_69' title="bbox 524 4889 2136 4962; baseline 0.002 -18"><span class='ocrx_word' id='word_1_542' title='bbox 524 4889 598 4944; x_wconf 84' lang='lat' dir='ltr'>ad</span> <span class='ocrx_word' id='word_1_543' title='bbox 626 4893 865 4957; x_wconf 85' lang='lat' dir='ltr'>mortem,</span> <span class='ocrx_word' id='word_1_544' title='bbox 898 4894 1119 4943; x_wconf 83' lang='lat' dir='ltr'>mortem</span> <span class='ocrx_word' id='word_1_545' title='bbox 1144 4895 1315 4944; x_wconf 86' lang='lat' dir='ltr'>autem</span> <span class='ocrx_word' id='word_1_546' title='bbox 1356 4889 1527 4945; x_wconf 87' lang='lat' dir='ltr'>crucis</span> <span class='ocrx_word' id='word_1_547' title='bbox 1577 4890 1904 4961; x_wconf 80' lang='lat' dir='ltr'>(Philip.u).</span> <span class='ocrx_word' id='word_1_548' title='bbox 1952 4891 2136 4962; x_wconf 89' lang='lat' dir='ltr'>Supe-</span> 
     </span>
    </p>
   </div>
   <div class='ocr_carea' id='block_1_70' title="bbox 525 4976 2135 5048">
    <p class='ocr_par' dir='ltr' id='par_1_70' title="bbox 525 4976 2135 5048">
     <span class='ocr_line' id='line_1_70' title="bbox 525 4976 2135 5048; baseline -0.001 -15"><span class='ocrx_word' id='word_1_549' title='bbox 525 4977 642 5033; x_wconf 91' lang='lat' dir='ltr'>rius</span> <span class='ocrx_word' id='word_1_550' title='bbox 689 4984 872 5033; x_wconf 87' lang='lat' dir='ltr'>autem</span> <span class='ocrx_word' id='word_1_551' title='bbox 916 4976 1133 5034; x_wconf 85' lang='lat' dir='ltr'>dixerat</span> <span class='ocrx_word' id='word_1_552' title='bbox 1157 4993 1169 5030; x_wconf 91' lang='lat'>:</span> <span class='ocrx_word' id='word_1_553' title='bbox 1201 4978 1323 5034; x_wconf 87' lang='lat' dir='ltr'>Non</span> <span class='ocrx_word' id='word_1_554' title='bbox 1352 4994 1471 5048; x_wconf 67' lang='lat' dir='ltr'>quae</span> <span class='ocrx_word' id='word_1_555' title='bbox 1500 4995 1598 5033; x_wconf 87' lang='lat' dir='ltr'>sua</span> <span class='ocrx_word' id='word_1_556' title='bbox 1627 4984 1751 5033; x_wconf 87' lang='lat' dir='ltr'>sunt</span> <span class='ocrx_word' id='word_1_557' title='bbox 1778 4978 2135 5048; x_wconf 85' lang='lat' dir='ltr'>unusquisque</span> 
     </span>
    </p>
   </div>
   <div class='ocr_carea' id='block_1_71' title="bbox 524 5065 2131 5138">
    <p class='ocr_par' dir='ltr' id='par_1_71' title="bbox 524 5065 2131 5138">
     <span class='ocr_line' id='line_1_71' title="bbox 524 5065 2131 5138; baseline 0.002 -17"><span class='ocrx_word' id='word_1_558' title='bbox 524 5066 815 5136; x_wconf 85' lang='lat' dir='ltr'>intendens,</span> <span class='ocrx_word' id='word_1_559' title='bbox 849 5067 938 5121; x_wconf 87' lang='lat' dir='ltr'>sed</span> <span class='ocrx_word' id='word_1_560' title='bbox 985 5084 1102 5138; x_wconf 75' lang='lat' dir='ltr'>qua:</span> <span class='ocrx_word' id='word_1_561' title='bbox 1148 5066 1385 5121; x_wconf 86' lang='lat' dir='ltr'>aliorum</span> <span class='ocrx_word' id='word_1_562' title='bbox 1417 5065 1633 5137; x_wconf 83' lang='lat' dir='ltr'>(Ibid.).</span> <span class='ocrx_word' id='word_1_563' title='bbox 1676 5067 1817 5123; x_wconf 88' lang='lat' dir='ltr'>Huic</span> <span class='ocrx_word' id='word_1_564' title='bbox 1847 5069 2131 5125; x_wconf 71' lang='lat' dir='ltr'>sententias</span> 
     </span>
    </p>
   </div>
   <div class='ocr_carea' id='block_1_72' title="bbox 524 5154 2132 5229">
    <p class='ocr_par' dir='ltr' id='par_1_72' title="bbox 524 5154 2132 5229">
     <span class='ocr_line' id='line_1_72' title="bbox 524 5154 2132 5229; baseline 0.001 -18"><span class='ocrx_word' id='word_1_565' title='bbox 524 5156 828 5211; x_wconf 86' lang='lat' dir='ltr'>connexuit</span> <span class='ocrx_word' id='word_1_566' title='bbox 859 5154 1004 5227; x_wconf 91' lang='lat' dir='ltr'>quod</span> <span class='ocrx_word' id='word_1_567' title='bbox 1033 5155 1247 5212; x_wconf 90' lang='lat' dir='ltr'>dictum</span> <span class='ocrx_word' id='word_1_568' title='bbox 1275 5164 1379 5212; x_wconf 91' lang='lat' dir='ltr'>est.</span> <span class='ocrx_word' id='word_1_569' title='bbox 1410 5154 1549 5210; x_wconf 82' lang='lat' dir='ltr'>Nam</span> <span class='ocrx_word' id='word_1_570' title='bbox 1591 5155 1670 5210; x_wconf 91' lang='lat' dir='ltr'>ita</span> <span class='ocrx_word' id='word_1_571' title='bbox 1705 5154 1956 5229; x_wconf 88' lang='lat' dir='ltr'>sequitur</span> <span class='ocrx_word' id='word_1_572' title='bbox 1981 5176 1992 5214; x_wconf 90' lang='lat'><strong>:</strong></span> <span class='ocrx_word' id='word_1_573' title='bbox 2024 5159 2132 5213; x_wconf 88' lang='lat' dir='ltr'>Hoc</span> 
     </span>
    </p>
   </div>
   <div class='ocr_carea' id='block_1_73' title="bbox 522 5242 2132 5313">
    <p class='ocr_par' dir='ltr' id='par_1_73' title="bbox 522 5242 2132 5313">
     <span class='ocr_line' id='line_1_73' title="bbox 522 5242 2132 5313; baseline 0.002 -15"><span class='ocrx_word' id='word_1_574' title='bbox 522 5244 659 5298; x_wconf 86' lang='lat' dir='ltr'>enim</span> <span class='ocrx_word' id='word_1_575' title='bbox 688 5244 873 5299; x_wconf 86' lang='lat' dir='ltr'>sentite</span> <span class='ocrx_word' id='word_1_576' title='bbox 895 5242 953 5297; x_wconf 90' lang='lat' dir='ltr'>in</span> <span class='ocrx_word' id='word_1_577' title='bbox 981 5243 1144 5311; x_wconf 82' lang='lat' dir='ltr'>vobis,</span> <span class='ocrx_word' id='word_1_578' title='bbox 1176 5244 1317 5313; x_wconf 84' lang='lat' dir='ltr'>quod</span> <span class='ocrx_word' id='word_1_579' title='bbox 1344 5249 1392 5299; x_wconf 88' lang='lat' dir='ltr'>et</span> <span class='ocrx_word' id='word_1_580' title='bbox 1424 5243 1480 5297; x_wconf 85' lang='lat' dir='ltr'>in</span> <span class='ocrx_word' id='word_1_581' title='bbox 1504 5243 1713 5300; x_wconf 81' lang='lat' dir='ltr'>Christo</span> <span class='ocrx_word' id='word_1_582' title='bbox 1744 5246 1885 5301; x_wconf 88' lang='lat' dir='ltr'>Jesu.</span> <span class='ocrx_word' id='word_1_583' title='bbox 1920 5244 2007 5300; x_wconf 85' lang='lat' dir='ltr'>Ad</span> <span class='ocrx_word' id='word_1_584' title='bbox 2027 5244 2132 5302; x_wconf 92' lang='lat' dir='ltr'>hoc</span> 
     </span>
    </p>
   </div>
   <div class='ocr_carea' id='block_1_74' title="bbox 523 5330 2132 5407">
    <p class='ocr_par' dir='ltr' id='par_1_74' title="bbox 523 5330 2132 5407">
     <span class='ocr_line' id='line_1_74' title="bbox 523 5330 2132 5407; baseline 0 -20"><span class='ocrx_word' id='word_1_585' title='bbox 523 5332 814 5401; x_wconf 85' lang='lat' dir='ltr'>duntaxat,</span> <span class='ocrx_word' id='word_1_586' title='bbox 841 5340 904 5388; x_wconf 93' lang='lat' dir='ltr'>ut</span> <span class='ocrx_word' id='word_1_587' title='bbox 923 5330 1386 5405; x_wconf 89' lang='lat' dir='ltr'>quemadmodum</span> <span class='ocrx_word' id='word_1_588' title='bbox 1422 5333 1515 5389; x_wconf 91' lang='lat' dir='ltr'>ille</span> <span class='ocrx_word' id='word_1_589' title='bbox 1543 5334 1602 5388; x_wconf 93' lang='lat' dir='ltr'>in</span> <span class='ocrx_word' id='word_1_590' title='bbox 1632 5350 1696 5390; x_wconf 91' lang='lat' dir='ltr'>eo</span> <span class='ocrx_word' id='word_1_591' title='bbox 1725 5335 1871 5407; x_wconf 90' lang='lat' dir='ltr'>quod</span> <span class='ocrx_word' id='word_1_592' title='bbox 1910 5335 2132 5391; x_wconf 83' lang='lat' dir='ltr'>Verbum</span> 
     </span>
    </p>
   </div>
   <div class='ocr_carea' id='block_1_75' title="bbox 524 5421 2130 5497">
    <p class='ocr_par' dir='ltr' id='par_1_75' title="bbox 524 5421 2130 5497">
     <span class='ocr_line' id='line_1_75' title="bbox 524 5421 2130 5497; baseline 0.005 -25"><span class='ocrx_word' id='word_1_593' title='bbox 524 5434 647 5475; x_wconf 87' lang='lat' dir='ltr'>caro</span> <span class='ocrx_word' id='word_1_594' title='bbox 677 5421 883 5491; x_wconf 81' lang='lat' dir='ltr'>factum</span> <span class='ocrx_word' id='word_1_595' title='bbox 910 5429 984 5477; x_wconf 88' lang='lat' dir='ltr'>est</span> <span class='ocrx_word' id='word_1_596' title='bbox 1007 5429 1053 5477; x_wconf 87' lang='lat' dir='ltr'>et</span> <span class='ocrx_word' id='word_1_597' title='bbox 1071 5422 1331 5479; x_wconf 84' lang='lat' dir='ltr'>habitavit</span> <span class='ocrx_word' id='word_1_598' title='bbox 1358 5423 1412 5478; x_wconf 86' lang='lat' dir='ltr'>in</span> <span class='ocrx_word' id='word_1_599' title='bbox 1440 5423 1592 5479; x_wconf 89' lang='lat' dir='ltr'>nobis</span> <span class='ocrx_word' id='word_1_600' title='bbox 1624 5423 1804 5497; x_wconf 85' lang='lat' dir='ltr'>(Joan.</span> <span class='ocrx_word' id='word_1_601' title='bbox 1839 5423 1904 5495; x_wconf 83' lang='lat'>1),</span> <span class='ocrx_word' id='word_1_602' title='bbox 1929 5432 1981 5479; x_wconf 91' lang='lat' dir='ltr'>et</span> <span class='ocrx_word' id='word_1_603' title='bbox 2011 5424 2130 5480; x_wconf 91' lang='lat' dir='ltr'>sine</span> 
     </span>
    </p>
   </div>
   <div class='ocr_carea' id='block_1_76' title="bbox 524 5513 2127 5585">
    <p class='ocr_par' dir='ltr' id='par_1_76' title="bbox 524 5513 2127 5585">
     <span class='ocr_line' id='line_1_76' title="bbox 524 5513 2127 5585; baseline 0.004 -25"><span class='ocrx_word' id='word_1_604' title='bbox 524 5514 748 5575; x_wconf 88' lang='lat' dir='ltr'>peccato</span> <span class='ocrx_word' id='word_1_605' title='bbox 776 5526 905 5567; x_wconf 92' lang='lat' dir='ltr'>cum</span> <span class='ocrx_word' id='word_1_606' title='bbox 934 5519 1095 5579; x_wconf 86' lang='lat' dir='ltr'>esset,</span> <span class='ocrx_word' id='word_1_607' title='bbox 1130 5519 1351 5583; x_wconf 86' lang='lat' dir='ltr'>peccata</span> <span class='ocrx_word' id='word_1_608' title='bbox 1378 5520 1566 5571; x_wconf 89' lang='lat' dir='ltr'>nostra</span> <span class='ocrx_word' id='word_1_609' title='bbox 1592 5513 1852 5585; x_wconf 89' lang='lat' dir='ltr'>suscepit,</span> <span class='ocrx_word' id='word_1_610' title='bbox 1884 5528 1994 5569; x_wconf 91' lang='lat' dir='ltr'>non</span> <span class='ocrx_word' id='word_1_611' title='bbox 2033 5520 2127 5568; x_wconf 89' lang='lat' dir='ltr'>at-</span> 
     </span>
    </p>
   </div>
   <div class='ocr_carea' id='block_1_77' title="bbox 2249 1750 3733 1825">
    <p class='ocr_par' dir='ltr' id='par_1_77' title="bbox 2249 1750 3733 1825">
     <span class='ocr_line' id='line_1_77' title="bbox 2249 1750 3733 1825; baseline 0 -17"><span class='ocrx_word' id='word_1_612' title='bbox 2249 1751 2485 1824; x_wconf 90' lang='lat' dir='ltr'>alicujus</span> <span class='ocrx_word' id='word_1_613' title='bbox 2524 1752 2709 1823; x_wconf 80' lang='lat' dir='ltr'>magni</span> <span class='ocrx_word' id='word_1_614' title='bbox 2739 1752 2981 1825; x_wconf 85' lang='lat' dir='ltr'>exempli</span> <span class='ocrx_word' id='word_1_615' title='bbox 3014 1750 3385 1824; x_wconf 86' lang='lat' dir='ltr'>patrocinium</span> <span class='ocrx_word' id='word_1_616' title='bbox 3415 1752 3733 1824; x_wconf 89' lang='lat' dir='ltr'>requirunt.</span> 
     </span>
    </p>
   </div>
   <div class='ocr_carea' id='block_1_78' title="bbox 2318 1841 3851 1912">
    <p class='ocr_par' dir='ltr' id='par_1_78' title="bbox 2318 1841 3851 1912">
     <span class='ocr_line' id='line_1_78' title="bbox 2318 1841 3851 1912; baseline -0.001 -13"><span class='ocrx_word' id='word_1_617' title='bbox 2318 1842 2527 1899; x_wconf 90' lang='lat' dir='ltr'>Deinde</span> <span class='ocrx_word' id='word_1_618' title='bbox 2543 1842 2705 1898; x_wconf 89' lang='lat' dir='ltr'>etiam</span> <span class='ocrx_word' id='word_1_619' title='bbox 2735 1841 2877 1897; x_wconf 92' lang='lat' dir='ltr'>illud</span> <span class='ocrx_word' id='word_1_620' title='bbox 2907 1841 3288 1912; x_wconf 87' lang='lat' dir='ltr'>cogitandum,</span> <span class='ocrx_word' id='word_1_621' title='bbox 3317 1841 3665 1897; x_wconf 82' lang='lat' dir='ltr'>nullumesse</span> <span class='ocrx_word' id='word_1_622' title='bbox 3678 1842 3851 1899; x_wconf 84' lang='lat' dir='ltr'>homi-</span> 
     </span>
    </p>
   </div>
   <div class='ocr_carea' id='block_1_79' title="bbox 2250 1928 3850 2004">
    <p class='ocr_par' dir='ltr' id='par_1_79' title="bbox 2250 1928 3850 2004">
     <span class='ocr_line' id='line_1_79' title="bbox 2250 1928 3850 2004; baseline 0 -17"><span class='ocrx_word' id='word_1_623' title='bbox 2250 1948 2395 1999; x_wconf 91' lang='lat' dir='ltr'>nem,</span> <span class='ocrx_word' id='word_1_624' title='bbox 2426 1930 2522 2003; x_wconf 88' lang='lat' dir='ltr'>qui</span> <span class='ocrx_word' id='word_1_625' title='bbox 2558 1945 2672 1985; x_wconf 91' lang='lat' dir='ltr'>non</span> <span class='ocrx_word' id='word_1_626' title='bbox 2702 1930 2875 2002; x_wconf 91' lang='lat' dir='ltr'>possit</span> <span class='ocrx_word' id='word_1_627' title='bbox 2895 1928 3096 1986; x_wconf 88' lang='lat' dir='ltr'>habere</span> <span class='ocrx_word' id='word_1_628' title='bbox 3116 1930 3342 2003; x_wconf 90' lang='lat' dir='ltr'>aliquod</span> <span class='ocrx_word' id='word_1_629' title='bbox 3364 1930 3596 1997; x_wconf 88' lang='lat' dir='ltr'>bonum,</span> <span class='ocrx_word' id='word_1_630' title='bbox 3620 1930 3769 2004; x_wconf 89' lang='lat' dir='ltr'>quod</span> <span class='ocrx_word' id='word_1_631' title='bbox 3794 1940 3850 1987; x_wconf 86' lang='lat' dir='ltr'>tu</span> 
     </span>
    </p>
   </div>
   <div class='ocr_carea' id='block_1_80' title="bbox 2251 2019 3851 2092">
    <p class='ocr_par' dir='ltr' id='par_1_80' title="bbox 2251 2019 3851 2092">
     <span class='ocr_line' id='line_1_80' title="bbox 2251 2019 3851 2092; baseline 0 -16"><span class='ocrx_word' id='word_1_632' title='bbox 2251 2020 2495 2076; x_wconf 89' lang='lat' dir='ltr'>nondum</span> <span class='ocrx_word' id='word_1_633' title='bbox 2535 2020 2722 2088; x_wconf 88' lang='lat' dir='ltr'>habes,</span> <span class='ocrx_word' id='word_1_634' title='bbox 2754 2019 2858 2075; x_wconf 91' lang='lat' dir='ltr'>etsi</span> <span class='ocrx_word' id='word_1_635' title='bbox 2888 2019 3073 2088; x_wconf 89' lang='lat' dir='ltr'>lateat,</span> <span class='ocrx_word' id='word_1_636' title='bbox 3105 2019 3162 2075; x_wconf 90' lang='lat' dir='ltr'>in</span> <span class='ocrx_word' id='word_1_637' title='bbox 3183 2036 3291 2092; x_wconf 90' lang='lat' dir='ltr'>quo</span> <span class='ocrx_word' id='word_1_638' title='bbox 3326 2019 3455 2076; x_wconf 90' lang='lat' dir='ltr'>sine</span> <span class='ocrx_word' id='word_1_639' title='bbox 3487 2019 3658 2075; x_wconf 89' lang='lat' dir='ltr'>dubio</span> <span class='ocrx_word' id='word_1_640' title='bbox 3680 2021 3851 2092; x_wconf 82' lang='lat' dir='ltr'>possit</span> 
     </span>
    </p>
   </div>
   <div class='ocr_carea' id='block_1_81' title="bbox 2250 2108 3851 2181">
    <p class='ocr_par' dir='ltr' id='par_1_81' title="bbox 2250 2108 3851 2181">
     <span class='ocr_line' id='line_1_81' title="bbox 2250 2108 3851 2181; baseline 0.001 -16"><span class='ocrx_word' id='word_1_641' title='bbox 2250 2119 2303 2166; x_wconf 91' lang='lat' dir='ltr'>te</span> <span class='ocrx_word' id='word_1_642' title='bbox 2331 2126 2445 2165; x_wconf 88' lang='lat' dir='ltr'>esse</span> <span class='ocrx_word' id='word_1_643' title='bbox 2474 2109 2742 2181; x_wconf 90' lang='lat' dir='ltr'>superior.</span> <span class='ocrx_word' id='word_1_644' title='bbox 2776 2108 2908 2175; x_wconf 70' lang='lat' dir='ltr'>Quae</span> <span class='ocrx_word' id='word_1_645' title='bbox 2936 2109 3200 2180; x_wconf 86' lang='lat' dir='ltr'>cogitatio</span> <span class='ocrx_word' id='word_1_646' title='bbox 3222 2108 3290 2163; x_wconf 87' lang='lat' dir='ltr'>ad</span> <span class='ocrx_word' id='word_1_647' title='bbox 3320 2109 3779 2166; x_wconf 86' lang='lat' dir='ltr'>contundendam</span> <span class='ocrx_word' id='word_1_648' title='bbox 3799 2120 3851 2167; x_wconf 88' lang='lat' dir='ltr'>et</span> 
     </span>
    </p>
   </div>
   <div class='ocr_carea' id='block_1_82' title="bbox 2251 2196 3845 2275">
    <p class='ocr_par' dir='ltr' id='par_1_82' title="bbox 2251 2196 3845 2275">
     <span class='ocr_line' id='line_1_82' title="bbox 2251 2196 3845 2275; baseline 0.001 -22"><span class='ocrx_word' id='word_1_649' title='bbox 2251 2198 2617 2254; x_wconf 90' lang='lat' dir='ltr'>edomandam</span> <span class='ocrx_word' id='word_1_650' title='bbox 2635 2196 2946 2273; x_wconf 79' lang='lat' dir='ltr'>superbiam</span> <span class='ocrx_word' id='word_1_651' title='bbox 2987 2198 3151 2264; x_wconf 86' lang='lat' dir='ltr'>valet,</span> <span class='ocrx_word' id='word_1_652' title='bbox 3185 2213 3253 2252; x_wconf 91' lang='lat' dir='ltr'>ne</span> <span class='ocrx_word' id='word_1_653' title='bbox 3281 2197 3563 2275; x_wconf 61' lang='lat' dir='ltr'>arbitperis</span> <span class='ocrx_word' id='word_1_654' title='bbox 3593 2200 3845 2272; x_wconf 88' lang='lat' dir='ltr'>quoniam</span> 
     </span>
    </p>
   </div>
   <div class='ocr_carea' id='block_1_83' title="bbox 2250 2285 3845 2360">
    <p class='ocr_par' dir='ltr' id='par_1_83' title="bbox 2250 2285 3845 2360">
     <span class='ocr_line' id='line_1_83' title="bbox 2250 2285 3845 2360; baseline 0.001 -19"><span class='ocrx_word' id='word_1_655' title='bbox 2250 2294 2345 2342; x_wconf 90' lang='lat' dir='ltr'>tua</span> <span class='ocrx_word' id='word_1_656' title='bbox 2379 2287 2629 2360; x_wconf 66' lang='lat' dir='ltr'>quaedam</span> <span class='ocrx_word' id='word_1_657' title='bbox 2658 2286 2802 2341; x_wconf 92' lang='lat' dir='ltr'>bona</span> <span class='ocrx_word' id='word_1_658' title='bbox 2820 2285 3067 2342; x_wconf 88' lang='lat' dir='ltr'>eminent</span> <span class='ocrx_word' id='word_1_659' title='bbox 3095 2295 3149 2341; x_wconf 88' lang='lat' dir='ltr'>et</span> <span class='ocrx_word' id='word_1_660' title='bbox 3170 2294 3451 2358; x_wconf 88' lang='lat' dir='ltr'>apparent,</span> <span class='ocrx_word' id='word_1_661' title='bbox 3476 2287 3603 2343; x_wconf 87' lang='lat' dir='ltr'>ideo</span> <span class='ocrx_word' id='word_1_662' title='bbox 3618 2289 3845 2344; x_wconf 84' lang='lat' dir='ltr'>alterum</span> 
     </span>
    </p>
   </div>
   <div class='ocr_carea' id='block_1_84' title="bbox 2252 2375 3849 2450">
    <p class='ocr_par' dir='ltr' id='par_1_84' title="bbox 2252 2375 3849 2450">
     <span class='ocr_line' id='line_1_84' title="bbox 2252 2375 3849 2450; baseline 0.002 -19"><span class='ocrx_word' id='word_1_663' title='bbox 2252 2378 2405 2433; x_wconf 90' lang='lat' dir='ltr'>nulla</span> <span class='ocrx_word' id='word_1_664' title='bbox 2444 2377 2643 2433; x_wconf 88' lang='lat' dir='ltr'>habere</span> <span class='ocrx_word' id='word_1_665' title='bbox 2676 2392 2796 2449; x_wconf 60' lang='lat' dir='ltr'>qua:</span> <span class='ocrx_word' id='word_1_666' title='bbox 2826 2375 3050 2444; x_wconf 88' lang='lat' dir='ltr'>lateant,</span> <span class='ocrx_word' id='word_1_667' title='bbox 3078 2384 3132 2431; x_wconf 89' lang='lat' dir='ltr'>et</span> <span class='ocrx_word' id='word_1_668' title='bbox 3164 2376 3395 2432; x_wconf 83' lang='lat' dir='ltr'>fortasse</span> <span class='ocrx_word' id='word_1_669' title='bbox 3436 2377 3661 2449; x_wconf 87' lang='lat' dir='ltr'>majoris</span> <span class='ocrx_word' id='word_1_670' title='bbox 3712 2396 3849 2450; x_wconf 89' lang='lat' dir='ltr'>pon-</span> 
     </span>
    </p>
   </div>
   <div class='ocr_carea' id='block_1_85' title="bbox 2250 2464 3848 2538">
    <p class='ocr_par' dir='ltr' id='par_1_85' title="bbox 2250 2464 3848 2538">
     <span class='ocr_line' id='line_1_85' title="bbox 2250 2464 3848 2538; baseline 0.001 -18"><span class='ocrx_word' id='word_1_671' title='bbox 2250 2465 2397 2521; x_wconf 89' lang='lat' dir='ltr'>deris</span> <span class='ocrx_word' id='word_1_672' title='bbox 2448 2464 2614 2534; x_wconf 88' lang='lat' dir='ltr'>bona,</span> <span class='ocrx_word' id='word_1_673' title='bbox 2654 2465 2854 2538; x_wconf 90' lang='lat' dir='ltr'>quibus</span> <span class='ocrx_word' id='word_1_674' title='bbox 2920 2473 2973 2519; x_wconf 90' lang='lat' dir='ltr'>te</span> <span class='ocrx_word' id='word_1_675' title='bbox 3035 2472 3255 2537; x_wconf 90' lang='lat' dir='ltr'>superat</span> <span class='ocrx_word' id='word_1_676' title='bbox 3318 2465 3673 2521; x_wconf 91' lang='lat' dir='ltr'>nescientem.</span> <span class='ocrx_word' id='word_1_677' title='bbox 3736 2467 3848 2522; x_wconf 81' lang='lat' dir='ltr'>Non</span> 
     </span>
    </p>
   </div>
   <div class='ocr_carea' id='block_1_86' title="bbox 2250 2555 3851 2627">
    <p class='ocr_par' dir='ltr' id='par_1_86' title="bbox 2250 2555 3851 2627">
     <span class='ocr_line' id='line_1_86' title="bbox 2250 2555 3851 2627; baseline -0.001 -16"><span class='ocrx_word' id='word_1_678' title='bbox 2250 2557 2400 2612; x_wconf 87' lang='lat' dir='ltr'>enim</span> <span class='ocrx_word' id='word_1_679' title='bbox 2432 2557 2551 2612; x_wconf 89' lang='lat' dir='ltr'>falli</span> <span class='ocrx_word' id='word_1_680' title='bbox 2604 2572 2724 2624; x_wconf 90' lang='lat' dir='ltr'>nos,</span> <span class='ocrx_word' id='word_1_681' title='bbox 2747 2563 2843 2611; x_wconf 91' lang='lat' dir='ltr'>aut</span> <span class='ocrx_word' id='word_1_682' title='bbox 2870 2555 3190 2611; x_wconf 88' lang='lat' dir='ltr'>adulatione</span> <span class='ocrx_word' id='word_1_683' title='bbox 3230 2556 3417 2627; x_wconf 90' lang='lat' dir='ltr'>potius</span> <span class='ocrx_word' id='word_1_684' title='bbox 3444 2555 3526 2612; x_wconf 90' lang='lat' dir='ltr'>uti</span> <span class='ocrx_word' id='word_1_685' title='bbox 3554 2556 3851 2627; x_wconf 76' lang='lat' dir='ltr'>Apostolus</span> 
     </span>
    </p>
   </div>
   <div class='ocr_carea' id='block_1_87' title="bbox 2245 2643 3853 2717">
    <p class='ocr_par' dir='ltr' id='par_1_87' title="bbox 2245 2643 3853 2717">
     <span class='ocr_line' id='line_1_87' title="bbox 2245 2643 3853 2717; baseline 0.001 -18"><span class='ocrx_word' id='word_1_686' title='bbox 2245 2643 2404 2716; x_wconf 92' lang='lat' dir='ltr'>jubet</span> <span class='ocrx_word' id='word_1_687' title='bbox 2432 2662 2560 2702; x_wconf 92' lang='lat' dir='ltr'>cum</span> <span class='ocrx_word' id='word_1_688' title='bbox 2590 2645 2728 2702; x_wconf 90' lang='lat' dir='ltr'>dicit</span> <span class='ocrx_word' id='word_1_689' title='bbox 2779 2663 2791 2701; x_wconf 88' lang='lat'><strong>:</strong></span> <span class='ocrx_word' id='word_1_690' title='bbox 2843 2644 2995 2703; x_wconf 85' lang='lat' dir='ltr'>Nihil</span> <span class='ocrx_word' id='word_1_691' title='bbox 3018 2662 3116 2716; x_wconf 84' lang='lat' dir='ltr'>per</span> <span class='ocrx_word' id='word_1_692' title='bbox 3144 2645 3540 2714; x_wconf 81' lang='lat' dir='ltr'>contentionem,</span> <span class='ocrx_word' id='word_1_693' title='bbox 3572 2663 3740 2717; x_wconf 79' lang='lat' dir='ltr'>neque</span> <span class='ocrx_word' id='word_1_694' title='bbox 3768 2663 3853 2717; x_wconf 83' lang='lat' dir='ltr'>per</span> 
     </span>
    </p>
   </div>
   <div class='ocr_carea' id='block_1_88' title="bbox 2252 2734 3849 2805">
    <p class='ocr_par' dir='ltr' id='par_1_88' title="bbox 2252 2734 3849 2805">
     <span class='ocr_line' id='line_1_88' title="bbox 2252 2734 3849 2805; baseline 0.001 -16"><span class='ocrx_word' id='word_1_695' title='bbox 2252 2735 2459 2789; x_wconf 83' lang='lat' dir='ltr'>inanem</span> <span class='ocrx_word' id='word_1_696' title='bbox 2483 2735 2731 2805; x_wconf 84' lang='lat' dir='ltr'>gloriam,</span> <span class='ocrx_word' id='word_1_697' title='bbox 2764 2734 2853 2789; x_wconf 85' lang='lat' dir='ltr'>sed</span> <span class='ocrx_word' id='word_1_698' title='bbox 2880 2734 2935 2789; x_wconf 87' lang='lat' dir='ltr'>in</span> <span class='ocrx_word' id='word_1_699' title='bbox 2967 2735 3261 2790; x_wconf 85' lang='lat' dir='ltr'>humilitate</span> <span class='ocrx_word' id='word_1_700' title='bbox 3303 2735 3510 2803; x_wconf 80' lang='lat' dir='ltr'>mentis,</span> <span class='ocrx_word' id='word_1_701' title='bbox 3537 2736 3673 2790; x_wconf 83' lang='lat' dir='ltr'>alter</span> <span class='ocrx_word' id='word_1_702' title='bbox 3720 2737 3849 2790; x_wconf 83' lang='lat' dir='ltr'>alte-</span> 
     </span>
    </p>
   </div>
   <div class='ocr_carea' id='block_1_89' title="bbox 2249 2823 3849 2894">
    <p class='ocr_par' dir='ltr' id='par_1_89' title="bbox 2249 2823 3849 2894">
     <span class='ocr_line' id='line_1_89' title="bbox 2249 2823 3849 2894; baseline 0 -16"><span class='ocrx_word' id='word_1_703' title='bbox 2249 2840 2370 2878; x_wconf 81' lang='lat' dir='ltr'>rum</span> <span class='ocrx_word' id='word_1_704' title='bbox 2404 2823 2763 2879; x_wconf 66' lang='lat' dir='ltr'>emistimantes</span> <span class='ocrx_word' id='word_1_705' title='bbox 2793 2823 3119 2894; x_wconf 82' lang='lat' dir='ltr'>superiorem</span> <span class='ocrx_word' id='word_1_706' title='bbox 3173 2824 3275 2879; x_wconf 87' lang='lat' dir='ltr'>sibi</span> <span class='ocrx_word' id='word_1_707' title='bbox 3325 2823 3551 2894; x_wconf 83' lang='lat' dir='ltr'>(Philip.</span> <span class='ocrx_word' id='word_1_708' title='bbox 3600 2825 3684 2893; x_wconf 80' lang='grc' dir='ltr'>ιι).</span> <span class='ocrx_word' id='word_1_709' title='bbox 3736 2824 3849 2879; x_wconf 75' lang='lat' dir='ltr'>Non</span> 
     </span>
    </p>
   </div>
   <div class='ocr_carea' id='block_1_90' title="bbox 2250 2911 3850 2981">
    <p class='ocr_par' dir='ltr' id='par_1_90' title="bbox 2250 2911 3850 2981">
     <span class='ocr_line' id='line_1_90' title="bbox 2250 2911 3850 2981; baseline 0.001 -15"><span class='ocrx_word' id='word_1_710' title='bbox 2250 2912 2356 2969; x_wconf 88' lang='lat' dir='ltr'>hoc</span> <span class='ocrx_word' id='word_1_711' title='bbox 2377 2912 2454 2967; x_wconf 90' lang='lat' dir='ltr'>ita</span> <span class='ocrx_word' id='word_1_712' title='bbox 2478 2911 2743 2968; x_wconf 89' lang='lat' dir='ltr'>debemus</span> <span class='ocrx_word' id='word_1_713' title='bbox 2769 2911 3110 2981; x_wconf 86' lang='lat' dir='ltr'>existimare,</span> <span class='ocrx_word' id='word_1_714' title='bbox 3135 2920 3196 2968; x_wconf 91' lang='lat' dir='ltr'>ut</span> <span class='ocrx_word' id='word_1_715' title='bbox 3220 2929 3331 2969; x_wconf 91' lang='lat' dir='ltr'>non</span> <span class='ocrx_word' id='word_1_716' title='bbox 3350 2913 3850 2979; x_wconf 79' lang='lat' dir='ltr'>existimemus,sed</span> 
     </span>
    </p>
   </div>
   <div class='ocr_carea' id='block_1_91' title="bbox 2250 3003 3852 3076">
    <p class='ocr_par' dir='ltr' id='par_1_91' title="bbox 2250 3003 3852 3076">
     <span class='ocr_line' id='line_1_91' title="bbox 2250 3003 3852 3076; baseline 0 -16"><span class='ocrx_word' id='word_1_717' title='bbox 2250 3022 2349 3061; x_wconf 90' lang='lat' dir='ltr'>nos</span> <span class='ocrx_word' id='word_1_718' title='bbox 2366 3004 2682 3061; x_wconf 86' lang='lat' dir='ltr'>existimare</span> <span class='ocrx_word' id='word_1_719' title='bbox 2714 3003 3004 3076; x_wconf 85' lang='lat' dir='ltr'>ﬁngamus,</span> <span class='ocrx_word' id='word_1_720' title='bbox 3024 3005 3118 3061; x_wconf 90' lang='lat' dir='ltr'>sed</span> <span class='ocrx_word' id='word_1_721' title='bbox 3139 3022 3266 3061; x_wconf 89' lang='lat' dir='ltr'>vere</span> <span class='ocrx_word' id='word_1_722' title='bbox 3287 3005 3668 3061; x_wconf 88' lang='lat' dir='ltr'>existimemus</span> <span class='ocrx_word' id='word_1_723' title='bbox 3696 3021 3852 3076; x_wconf 81' lang='lat' dir='ltr'>posse</span> 
     </span>
    </p>
   </div>
   <div class='ocr_carea' id='block_1_92' title="bbox 2250 3093 3851 3166">
    <p class='ocr_par' dir='ltr' id='par_1_92' title="bbox 2250 3093 3851 3166">
     <span class='ocr_line' id='line_1_92' title="bbox 2250 3093 3851 3166; baseline -0.001 -17"><span class='ocrx_word' id='word_1_724' title='bbox 2250 3110 2364 3149; x_wconf 88' lang='lat' dir='ltr'>esse</span> <span class='ocrx_word' id='word_1_725' title='bbox 2394 3093 2607 3166; x_wconf 90' lang='lat' dir='ltr'>aliquid</span> <span class='ocrx_word' id='word_1_726' title='bbox 2638 3094 2918 3151; x_wconf 90' lang='lat' dir='ltr'>occultum</span> <span class='ocrx_word' id='word_1_727' title='bbox 2941 3094 2999 3150; x_wconf 92' lang='lat' dir='ltr'>in</span> <span class='ocrx_word' id='word_1_728' title='bbox 3024 3094 3153 3162; x_wconf 91' lang='lat' dir='ltr'>alio,</span> <span class='ocrx_word' id='word_1_729' title='bbox 3179 3109 3286 3166; x_wconf 88' lang='lat' dir='ltr'>quo</span> <span class='ocrx_word' id='word_1_730' title='bbox 3308 3094 3380 3150; x_wconf 90' lang='lat' dir='ltr'>sit</span> <span class='ocrx_word' id='word_1_731' title='bbox 3403 3094 3559 3150; x_wconf 92' lang='lat' dir='ltr'>nobis</span> <span class='ocrx_word' id='word_1_732' title='bbox 3579 3094 3851 3166; x_wconf 87' lang='lat' dir='ltr'>superior,</span> 
     </span>
    </p>
   </div>
   <div class='ocr_carea' id='block_1_93' title="bbox 2249 3182 3853 3255">
    <p class='ocr_par' dir='ltr' id='par_1_93' title="bbox 2249 3182 3853 3255">
     <span class='ocr_line' id='line_1_93' title="bbox 2249 3182 3853 3255; baseline -0.001 -17"><span class='ocrx_word' id='word_1_733' title='bbox 2249 3182 2463 3238; x_wconf 86' lang='lat' dir='ltr'>etiamsi</span> <span class='ocrx_word' id='word_1_734' title='bbox 2493 3182 2700 3238; x_wconf 90' lang='lat' dir='ltr'>bonum</span> <span class='ocrx_word' id='word_1_735' title='bbox 2725 3190 2999 3250; x_wconf 91' lang='lat' dir='ltr'>nostrum,</span> <span class='ocrx_word' id='word_1_736' title='bbox 3023 3182 3170 3254; x_wconf 91' lang='lat' dir='ltr'>quod</span> <span class='ocrx_word' id='word_1_737' title='bbox 3202 3183 3298 3238; x_wconf 90' lang='lat' dir='ltr'>illo</span> <span class='ocrx_word' id='word_1_738' title='bbox 3323 3183 3579 3240; x_wconf 89' lang='lat' dir='ltr'>videmur</span> <span class='ocrx_word' id='word_1_739' title='bbox 3607 3182 3853 3255; x_wconf 86' lang='lat' dir='ltr'>superio-</span> 
     </span>
    </p>
   </div>
   <div class='ocr_carea' id='block_1_94' title="bbox 2249 3271 3857 3344">
    <p class='ocr_par' dir='ltr' id='par_1_94' title="bbox 2249 3271 3857 3344">
     <span class='ocr_line' id='line_1_94' title="bbox 2249 3271 3857 3344; baseline 0.001 -19"><span class='ocrx_word' id='word_1_740' title='bbox 2249 3288 2335 3326; x_wconf 85' lang='lat' dir='ltr'>res</span> <span class='ocrx_word' id='word_1_741' title='bbox 2363 3288 2497 3339; x_wconf 89' lang='lat' dir='ltr'>esse,</span> <span class='ocrx_word' id='word_1_742' title='bbox 2522 3287 2634 3327; x_wconf 92' lang='lat' dir='ltr'>non</span> <span class='ocrx_word' id='word_1_743' title='bbox 2663 3271 2736 3326; x_wconf 91' lang='lat' dir='ltr'>sit</span> <span class='ocrx_word' id='word_1_744' title='bbox 2766 3272 3067 3328; x_wconf 90' lang='lat' dir='ltr'>occultum.</span> <span class='ocrx_word' id='word_1_745' title='bbox 3092 3273 3214 3327; x_wconf 66' lang='lat' dir='ltr'>Istas</span> <span class='ocrx_word' id='word_1_746' title='bbox 3244 3272 3622 3344; x_wconf 88' lang='lat' dir='ltr'>cogitationes,</span> <span class='ocrx_word' id='word_1_747' title='bbox 3652 3272 3857 3344; x_wconf 82' lang='lat' dir='ltr'>depri-</span> 
     </span>
    </p>
   </div>
   <div class='ocr_carea' id='block_1_95' title="bbox 2254 3360 3855 3433">
    <p class='ocr_par' dir='ltr' id='par_1_95' title="bbox 2254 3360 3855 3433">
     <span class='ocr_line' id='line_1_95' title="bbox 2254 3360 3855 3433; baseline 0 -18"><span class='ocrx_word' id='word_1_748' title='bbox 2254 3369 2465 3417; x_wconf 89' lang='lat' dir='ltr'>mentes</span> <span class='ocrx_word' id='word_1_749' title='bbox 2492 3360 2827 3433; x_wconf 89' lang='lat' dir='ltr'>superbiam,</span> <span class='ocrx_word' id='word_1_750' title='bbox 2857 3370 2910 3417; x_wconf 88' lang='lat' dir='ltr'>et</span> <span class='ocrx_word' id='word_1_751' title='bbox 2951 3369 3216 3433; x_wconf 88' lang='lat' dir='ltr'>augentes</span> <span class='ocrx_word' id='word_1_752' title='bbox 3257 3361 3603 3428; x_wconf 85' lang='lat' dir='ltr'>charitatem,</span> <span class='ocrx_word' id='word_1_753' title='bbox 3638 3361 3855 3416; x_wconf 84' lang='lat' dir='ltr'>faciunt</span> 
     </span>
    </p>
   </div>
   <div class='ocr_carea' id='block_1_96' title="bbox 2249 3449 3855 3522">
    <p class='ocr_par' dir='ltr' id='par_1_96' title="bbox 2249 3449 3855 3522">
     <span class='ocr_line' id='line_1_96' title="bbox 2249 3449 3855 3522; baseline 0 -17"><span class='ocrx_word' id='word_1_754' title='bbox 2249 3467 2415 3506; x_wconf 90' lang='lat' dir='ltr'>onera</span> <span class='ocrx_word' id='word_1_755' title='bbox 2442 3450 2684 3506; x_wconf 90' lang='lat' dir='ltr'>fraterna</span> <span class='ocrx_word' id='word_1_756' title='bbox 2716 3449 2955 3506; x_wconf 86' lang='lat' dir='ltr'>invicem</span> <span class='ocrx_word' id='word_1_757' title='bbox 2986 3466 3096 3505; x_wconf 92' lang='lat' dir='ltr'>non</span> <span class='ocrx_word' id='word_1_758' title='bbox 3132 3451 3311 3506; x_wconf 91' lang='lat' dir='ltr'>solum</span> <span class='ocrx_word' id='word_1_759' title='bbox 3340 3466 3495 3522; x_wconf 75' lang='lat' dir='ltr'>aequo</span> <span class='ocrx_word' id='word_1_760' title='bbox 3525 3449 3737 3515; x_wconf 88' lang='lat' dir='ltr'>animo,</span> <span class='ocrx_word' id='word_1_761' title='bbox 3764 3449 3855 3505; x_wconf 81' lang='lat' dir='ltr'>sed</span> 
     </span>
    </p>
   </div>
   <div class='ocr_carea' id='block_1_97' title="bbox 2249 3538 3852 3596">
    <p class='ocr_par' dir='ltr' id='par_1_97' title="bbox 2249 3538 3852 3596">
     <span class='ocr_line' id='line_1_97' title="bbox 2249 3538 3852 3596; baseline 0 -1"><span class='ocrx_word' id='word_1_762' title='bbox 2249 3541 2411 3595; x_wconf 84' lang='lat' dir='ltr'>etiam</span> <span class='ocrx_word' id='word_1_763' title='bbox 2446 3539 2813 3595; x_wconf 86' lang='lat' dir='ltr'>libentissime</span> <span class='ocrx_word' id='word_1_764' title='bbox 2846 3539 3127 3596; x_wconf 88' lang='lat' dir='ltr'>sustineri.</span> <span class='ocrx_word' id='word_1_765' title='bbox 3162 3539 3328 3595; x_wconf 83' lang='lat' dir='ltr'>Nullo</span> <span class='ocrx_word' id='word_1_766' title='bbox 3372 3538 3537 3593; x_wconf 89' lang='lat' dir='ltr'>modo</span> <span class='ocrx_word' id='word_1_767' title='bbox 3562 3547 3758 3594; x_wconf 86' lang='lat' dir='ltr'>autem</span> <span class='ocrx_word' id='word_1_768' title='bbox 3788 3540 3852 3595; x_wconf 87' lang='lat' dir='ltr'>de</span> 
     </span>
    </p>
   </div>
   <div class='ocr_carea' id='block_1_98' title="bbox 2250 3628 3853 3702">
    <p class='ocr_par' dir='ltr' id='par_1_98' title="bbox 2250 3628 3853 3702">
     <span class='ocr_line' id='line_1_98' title="bbox 2250 3628 3853 3702; baseline -0.001 -18"><span class='ocrx_word' id='word_1_769' title='bbox 2250 3646 2524 3702; x_wconf 82' lang='lat' dir='ltr'>quoquam</span> <span class='ocrx_word' id='word_1_770' title='bbox 2549 3629 2773 3684; x_wconf 89' lang='lat' dir='ltr'>homine</span> <span class='ocrx_word' id='word_1_771' title='bbox 2804 3628 3086 3700; x_wconf 85' lang='lat' dir='ltr'>incognito</span> <span class='ocrx_word' id='word_1_772' title='bbox 3106 3629 3333 3686; x_wconf 83' lang='lat' dir='ltr'>ferenda</span> <span class='ocrx_word' id='word_1_773' title='bbox 3361 3628 3633 3685; x_wconf 90' lang='lat' dir='ltr'>sententia</span> <span class='ocrx_word' id='word_1_774' title='bbox 3659 3637 3772 3696; x_wconf 75' lang='lat' dir='ltr'>est,</span> <span class='ocrx_word' id='word_1_775' title='bbox 3800 3638 3853 3683; x_wconf 87' lang='lat' dir='ltr'>et</span> 
     </span>
    </p>
   </div>
   <div class='ocr_carea' id='block_1_99' title="bbox 2248 3718 3856 3792">
    <p class='ocr_par' dir='ltr' id='par_1_99' title="bbox 2248 3718 3856 3792">
     <span class='ocr_line' id='line_1_99' title="bbox 2248 3718 3856 3792; baseline 0.001 -18"><span class='ocrx_word' id='word_1_776' title='bbox 2248 3737 2408 3775; x_wconf 89' lang='lat' dir='ltr'>nemo</span> <span class='ocrx_word' id='word_1_777' title='bbox 2431 3718 2538 3774; x_wconf 89' lang='lat' dir='ltr'>nisi</span> <span class='ocrx_word' id='word_1_778' title='bbox 2566 3735 2662 3790; x_wconf 87' lang='lat' dir='ltr'>per</span> <span class='ocrx_word' id='word_1_779' title='bbox 2685 3718 2987 3776; x_wconf 89' lang='lat' dir='ltr'>amicitiam</span> <span class='ocrx_word' id='word_1_780' title='bbox 3035 3721 3402 3792; x_wconf 88' lang='lat' dir='ltr'>cognoscitur.</span> <span class='ocrx_word' id='word_1_781' title='bbox 3440 3721 3511 3775; x_wconf 90' lang='lat' dir='ltr'>Et</span> <span class='ocrx_word' id='word_1_782' title='bbox 3548 3720 3670 3775; x_wconf 90' lang='lat' dir='ltr'>ideo</span> <span class='ocrx_word' id='word_1_783' title='bbox 3698 3720 3856 3776; x_wconf 81' lang='lat' dir='ltr'>ami—</span> 
     </span>
    </p>
   </div>
   <div class='ocr_carea' id='block_1_100' title="bbox 2248 3808 3853 3882">
    <p class='ocr_par' dir='ltr' id='par_1_100' title="bbox 2248 3808 3853 3882">
     <span class='ocr_line' id='line_1_100' title="bbox 2248 3808 3853 3882; baseline 0 -19"><span class='ocrx_word' id='word_1_784' title='bbox 2248 3825 2438 3864; x_wconf 89' lang='lat' dir='ltr'>corum</span> <span class='ocrx_word' id='word_1_785' title='bbox 2470 3808 2612 3863; x_wconf 88' lang='lat' dir='ltr'>mala</span> <span class='ocrx_word' id='word_1_786' title='bbox 2660 3808 2876 3864; x_wconf 88' lang='lat' dir='ltr'>ﬁrmius</span> <span class='ocrx_word' id='word_1_787' title='bbox 2904 3808 3259 3877; x_wconf 90' lang='lat' dir='ltr'>sustinemus,</span> <span class='ocrx_word' id='word_1_788' title='bbox 3300 3808 3431 3882; x_wconf 90' lang='lat' dir='ltr'>quia</span> <span class='ocrx_word' id='word_1_789' title='bbox 3478 3808 3623 3864; x_wconf 89' lang='lat' dir='ltr'>bona</span> <span class='ocrx_word' id='word_1_790' title='bbox 3659 3826 3853 3864; x_wconf 84' lang='lat' dir='ltr'>eorum</span> 
     </span>
    </p>
   </div>
   <div class='ocr_carea' id='block_1_101' title="bbox 2247 3901 2967 3958">
    <p class='ocr_par' dir='ltr' id='par_1_101' title="bbox 2247 3901 2967 3958">
     <span class='ocr_line' id='line_1_101' title="bbox 2247 3901 2967 3958; baseline 0.003 -2"><span class='ocrx_word' id='word_1_791' title='bbox 2247 3918 2349 3956; x_wconf 89' lang='lat' dir='ltr'>nos</span> <span class='ocrx_word' id='word_1_792' title='bbox 2374 3901 2647 3957; x_wconf 88' lang='lat' dir='ltr'>delectant</span> <span class='ocrx_word' id='word_1_793' title='bbox 2681 3908 2735 3955; x_wconf 89' lang='lat' dir='ltr'>et</span> <span class='ocrx_word' id='word_1_794' title='bbox 2760 3908 2967 3958; x_wconf 89' lang='lat' dir='ltr'>tenent.</span> 
     </span>
    </p>
   </div>
   <div class='ocr_carea' id='block_1_102' title="bbox 2316 3989 3857 4064">
    <p class='ocr_par' dir='ltr' id='par_1_102' title="bbox 2316 3989 3857 4064">
     <span class='ocr_line' id='line_1_102' title="bbox 2316 3989 3857 4064; baseline -0.003 -17"><span class='ocrx_word' id='word_1_795' title='bbox 2316 3992 2540 4048; x_wconf 78' lang='lat' dir='ltr'>Nullius</span> <span class='ocrx_word' id='word_1_796' title='bbox 2571 3993 2755 4064; x_wconf 88' lang='lat' dir='ltr'>itaque</span> <span class='ocrx_word' id='word_1_797' title='bbox 2782 3992 3122 4064; x_wconf 87' lang='lat' dir='ltr'>repudianda</span> <span class='ocrx_word' id='word_1_798' title='bbox 3151 3999 3231 4048; x_wconf 90' lang='lat' dir='ltr'>est</span> <span class='ocrx_word' id='word_1_799' title='bbox 3269 3991 3515 4047; x_wconf 87' lang='lat' dir='ltr'>amicitia</span> <span class='ocrx_word' id='word_1_800' title='bbox 3541 4006 3659 4046; x_wconf 86' lang='lat' dir='ltr'>sese</span> <span class='ocrx_word' id='word_1_801' title='bbox 3687 3989 3857 4061; x_wconf 83' lang='lat' dir='ltr'>inge-</span> 
     </span>
    </p>
   </div>
   <div class='ocr_carea' id='block_1_103' title="bbox 2249 4076 3854 4152">
    <p class='ocr_par' dir='ltr' id='par_1_103' title="bbox 2249 4076 3854 4152">
     <span class='ocr_line' id='line_1_103' title="bbox 2249 4076 3854 4152; baseline -0.001 -20"><span class='ocrx_word' id='word_1_802' title='bbox 2249 4080 2421 4134; x_wconf 85' lang='lat' dir='ltr'>rentis</span> <span class='ocrx_word' id='word_1_803' title='bbox 2447 4080 2514 4134; x_wconf 87' lang='lat' dir='ltr'>ad</span> <span class='ocrx_word' id='word_1_804' title='bbox 2542 4081 2843 4136; x_wconf 89' lang='lat' dir='ltr'>amicitiam</span> <span class='ocrx_word' id='word_1_805' title='bbox 2873 4081 3259 4152; x_wconf 88' lang='lat' dir='ltr'>copulandam,</span> <span class='ocrx_word' id='word_1_806' title='bbox 3292 4095 3404 4134; x_wconf 90' lang='lat' dir='ltr'>non</span> <span class='ocrx_word' id='word_1_807' title='bbox 3428 4086 3489 4134; x_wconf 92' lang='lat' dir='ltr'>ut</span> <span class='ocrx_word' id='word_1_808' title='bbox 3504 4078 3687 4133; x_wconf 88' lang='lat' dir='ltr'>statim</span> <span class='ocrx_word' id='word_1_809' title='bbox 3711 4076 3854 4131; x_wconf 81' lang='lat' dir='ltr'>reci-</span> 
     </span>
    </p>
   </div>
   <div class='ocr_carea' id='block_1_104' title="bbox 2248 4166 3856 4240">
    <p class='ocr_par' dir='ltr' id='par_1_104' title="bbox 2248 4166 3856 4240">
     <span class='ocr_line' id='line_1_104' title="bbox 2248 4166 3856 4240; baseline -0.002 -18"><span class='ocrx_word' id='word_1_810' title='bbox 2248 4168 2449 4234; x_wconf 87' lang='lat' dir='ltr'>piatur,</span> <span class='ocrx_word' id='word_1_811' title='bbox 2474 4170 2567 4225; x_wconf 87' lang='lat' dir='ltr'>sed</span> <span class='ocrx_word' id='word_1_812' title='bbox 2590 4176 2649 4224; x_wconf 91' lang='lat' dir='ltr'>ut</span> <span class='ocrx_word' id='word_1_813' title='bbox 2679 4168 3034 4239; x_wconf 91' lang='lat' dir='ltr'>recipiendus</span> <span class='ocrx_word' id='word_1_814' title='bbox 3054 4176 3293 4240; x_wconf 86' lang='lat' dir='ltr'>optetur,</span> <span class='ocrx_word' id='word_1_815' title='bbox 3311 4175 3473 4239; x_wconf 90' lang='lat' dir='ltr'>atque</span> <span class='ocrx_word' id='word_1_816' title='bbox 3490 4166 3565 4222; x_wconf 85' lang='lat' dir='ltr'>ita</span> <span class='ocrx_word' id='word_1_817' title='bbox 3583 4171 3856 4220; x_wconf 82' lang='lat' dir='ltr'>tractetur</span> 
     </span>
    </p>
   </div>
   <div class='ocr_carea' id='block_1_105' title="bbox 2246 4253 3855 4329">
    <p class='ocr_par' dir='ltr' id='par_1_105' title="bbox 2246 4253 3855 4329">
     <span class='ocr_line' id='line_1_105' title="bbox 2246 4253 3855 4329; baseline -0.002 -18"><span class='ocrx_word' id='word_1_818' title='bbox 2246 4264 2306 4311; x_wconf 92' lang='lat' dir='ltr'>ut</span> <span class='ocrx_word' id='word_1_819' title='bbox 2337 4257 2505 4329; x_wconf 87' lang='lat' dir='ltr'>recipi</span> <span class='ocrx_word' id='word_1_820' title='bbox 2538 4256 2731 4329; x_wconf 92' lang='lat' dir='ltr'>possit.</span> <span class='ocrx_word' id='word_1_821' title='bbox 2767 4256 2935 4311; x_wconf 88' lang='lat' dir='ltr'>Illum</span> <span class='ocrx_word' id='word_1_822' title='bbox 2966 4258 3113 4313; x_wconf 89' lang='lat' dir='ltr'>enim</span> <span class='ocrx_word' id='word_1_823' title='bbox 3144 4263 3421 4328; x_wconf 88' lang='lat' dir='ltr'>receptum</span> <span class='ocrx_word' id='word_1_824' title='bbox 3457 4255 3515 4310; x_wconf 91' lang='lat' dir='ltr'>in</span> <span class='ocrx_word' id='word_1_825' title='bbox 3544 4253 3855 4309; x_wconf 82' lang='lat' dir='ltr'>amicitiam</span> 
     </span>
    </p>
   </div>
   <div class='ocr_carea' id='block_1_106' title="bbox 2162 4346 3860 4450">
    <p class='ocr_par' dir='ltr' id='par_1_106' title="bbox 2162 4346 3860 4450">
     <span class='ocr_line' id='line_1_106' title="bbox 2162 4346 3860 4450; baseline -0.002 -47"><span class='ocrx_word' id='word_1_826' title='bbox 2162 4391 2217 4450; x_wconf 83' lang='lat' dir='ltr'>D</span> <span class='ocrx_word' id='word_1_827' title='bbox 2249 4365 2538 4420; x_wconf 88' lang='lat' dir='ltr'>possumus</span> <span class='ocrx_word' id='word_1_828' title='bbox 2569 4351 2771 4416; x_wconf 90' lang='lat' dir='ltr'>dicere,</span> <span class='ocrx_word' id='word_1_829' title='bbox 2804 4348 2894 4405; x_wconf 90' lang='lat' dir='ltr'>cui</span> <span class='ocrx_word' id='word_1_830' title='bbox 2926 4349 3112 4406; x_wconf 89' lang='lat' dir='ltr'>omnia</span> <span class='ocrx_word' id='word_1_831' title='bbox 3142 4356 3329 4404; x_wconf 89' lang='lat' dir='ltr'>nostra</span> <span class='ocrx_word' id='word_1_832' title='bbox 3367 4346 3595 4403; x_wconf 88' lang='lat' dir='ltr'>consilia</span> <span class='ocrx_word' id='word_1_833' title='bbox 3650 4346 3860 4400; x_wconf 77' lang='lat' dir='ltr'>refun-</span> 
     </span>
    </p>
   </div>
   <div class='ocr_carea' id='block_1_107' title="bbox 2249 4433 3863 4514">
    <p class='ocr_par' dir='ltr' id='par_1_107' title="bbox 2249 4433 3863 4514">
     <span class='ocr_line' id='line_1_107' title="bbox 2249 4433 3863 4514; baseline -0.003 -22"><span class='ocrx_word' id='word_1_834' title='bbox 2249 4439 2376 4493; x_wconf 89' lang='lat' dir='ltr'>dere</span> <span class='ocrx_word' id='word_1_835' title='bbox 2408 4440 2700 4497; x_wconf 88' lang='lat' dir='ltr'>audemus.</span> <span class='ocrx_word' id='word_1_836' title='bbox 2723 4442 2795 4497; x_wconf 90' lang='lat' dir='ltr'>Et</span> <span class='ocrx_word' id='word_1_837' title='bbox 2815 4441 2859 4497; x_wconf 92' lang='lat' dir='ltr'>si</span> <span class='ocrx_word' id='word_1_838' title='bbox 2883 4441 3172 4514; x_wconf 88' lang='lat' dir='ltr'>quisquam</span> <span class='ocrx_word' id='word_1_839' title='bbox 3195 4445 3296 4506; x_wconf 91' lang='lat' dir='ltr'>est,</span> <span class='ocrx_word' id='word_1_840' title='bbox 3331 4437 3425 4509; x_wconf 91' lang='lat' dir='ltr'>qui</span> <span class='ocrx_word' id='word_1_841' title='bbox 3463 4453 3518 4492; x_wconf 89' lang='lat' dir='ltr'>se</span> <span class='ocrx_word' id='word_1_842' title='bbox 3546 4450 3657 4490; x_wconf 90' lang='lat' dir='ltr'>non</span> <span class='ocrx_word' id='word_1_843' title='bbox 3684 4433 3863 4489; x_wconf 82' lang='lat' dir='ltr'>audet</span> 
     </span>
    </p>
   </div>
   <div class='ocr_carea' id='block_1_108' title="bbox 2248 4523 3863 4602">
    <p class='ocr_par' dir='ltr' id='par_1_108' title="bbox 2248 4523 3863 4602">
     <span class='ocr_line' id='line_1_108' title="bbox 2248 4523 3863 4602; baseline -0.004 -20"><span class='ocrx_word' id='word_1_844' title='bbox 2248 4528 2492 4599; x_wconf 86' lang='lat' dir='ltr'>ingerere</span> <span class='ocrx_word' id='word_1_845' title='bbox 2520 4529 2587 4585; x_wconf 88' lang='lat' dir='ltr'>ad</span> <span class='ocrx_word' id='word_1_846' title='bbox 2635 4530 2939 4602; x_wconf 87' lang='lat' dir='ltr'>amicitiam</span> <span class='ocrx_word' id='word_1_847' title='bbox 2988 4526 3316 4593; x_wconf 88' lang='lat' dir='ltr'>faciendam,</span> <span class='ocrx_word' id='word_1_848' title='bbox 3351 4524 3457 4580; x_wconf 91' lang='lat' dir='ltr'>nisi</span> <span class='ocrx_word' id='word_1_849' title='bbox 3501 4538 3629 4578; x_wconf 91' lang='lat' dir='ltr'>cum</span> <span class='ocrx_word' id='word_1_850' title='bbox 3658 4523 3863 4594; x_wconf 87' lang='lat' dir='ltr'>aliquo</span> 
     </span>
    </p>
   </div>
   <div class='ocr_carea' id='block_1_109' title="bbox 2247 4615 3858 4692">
    <p class='ocr_par' dir='ltr' id='par_1_109' title="bbox 2247 4615 3858 4692">
     <span class='ocr_line' id='line_1_109' title="bbox 2247 4615 3858 4692; baseline -0.004 -18"><span class='ocrx_word' id='word_1_851' title='bbox 2247 4628 2434 4681; x_wconf 87' lang='lat' dir='ltr'>nostro</span> <span class='ocrx_word' id='word_1_852' title='bbox 2478 4621 2765 4692; x_wconf 87' lang='lat' dir='ltr'>temporali</span> <span class='ocrx_word' id='word_1_853' title='bbox 2818 4620 3027 4676; x_wconf 85' lang='lat' dir='ltr'>honore</span> <span class='ocrx_word' id='word_1_854' title='bbox 3080 4625 3174 4673; x_wconf 88' lang='lat' dir='ltr'>aut</span> <span class='ocrx_word' id='word_1_855' title='bbox 3215 4615 3483 4688; x_wconf 85' lang='lat' dir='ltr'>dignitate</span> <span class='ocrx_word' id='word_1_856' title='bbox 3529 4622 3858 4679; x_wconf 84' lang='lat' dir='ltr'>revocetur,</span> 
     </span>
    </p>
   </div>
   <div class='ocr_carea' id='block_1_110' title="bbox 2245 4701 3859 4774">
    <p class='ocr_par' dir='ltr' id='par_1_110' title="bbox 2245 4701 3859 4774">
     <span class='ocr_line' id='line_1_110' title="bbox 2245 4701 3859 4774; baseline -0.003 -13"><span class='ocrx_word' id='word_1_857' title='bbox 2245 4706 2689 4762; x_wconf 85' lang='lat' dir='ltr'>descendendum</span> <span class='ocrx_word' id='word_1_858' title='bbox 2711 4716 2793 4763; x_wconf 89' lang='lat' dir='ltr'>est</span> <span class='ocrx_word' id='word_1_859' title='bbox 2811 4708 2879 4763; x_wconf 90' lang='lat' dir='ltr'>ad</span> <span class='ocrx_word' id='word_1_860' title='bbox 2899 4724 3047 4774; x_wconf 89' lang='lat' dir='ltr'>eum,</span> <span class='ocrx_word' id='word_1_861' title='bbox 3072 4712 3125 4763; x_wconf 87' lang='lat' dir='ltr'>et</span> <span class='ocrx_word' id='word_1_862' title='bbox 3144 4703 3485 4761; x_wconf 77' lang='lat' dir='ltr'>offerendum</span> <span class='ocrx_word' id='word_1_863' title='bbox 3506 4701 3588 4755; x_wconf 91' lang='lat' dir='ltr'>illi</span> <span class='ocrx_word' id='word_1_864' title='bbox 3607 4701 3859 4773; x_wconf 85' lang='lat' dir='ltr'>quadam</span> 
     </span>
    </p>
   </div>
   <div class='ocr_carea' id='block_1_111' title="bbox 2244 4790 3860 4867">
    <p class='ocr_par' dir='ltr' id='par_1_111' title="bbox 2244 4790 3860 4867">
     <span class='ocr_line' id='line_1_111' title="bbox 2244 4790 3860 4867; baseline -0.003 -16"><span class='ocrx_word' id='word_1_865' title='bbox 2244 4797 2504 4852; x_wconf 87' lang='lat' dir='ltr'>comitate</span> <span class='ocrx_word' id='word_1_866' title='bbox 2530 4806 2584 4854; x_wconf 89' lang='lat' dir='ltr'>et</span> <span class='ocrx_word' id='word_1_867' title='bbox 2609 4797 2977 4853; x_wconf 88' lang='lat' dir='ltr'>submissione</span> <span class='ocrx_word' id='word_1_868' title='bbox 2998 4796 3190 4863; x_wconf 89' lang='lat' dir='ltr'>animi,</span> <span class='ocrx_word' id='word_1_869' title='bbox 3214 4795 3362 4867; x_wconf 88' lang='lat' dir='ltr'>quod</span> <span class='ocrx_word' id='word_1_870' title='bbox 3390 4810 3485 4865; x_wconf 88' lang='lat' dir='ltr'>per</span> <span class='ocrx_word' id='word_1_871' title='bbox 3513 4807 3567 4847; x_wconf 90' lang='lat' dir='ltr'>se</span> <span class='ocrx_word' id='word_1_872' title='bbox 3595 4790 3721 4863; x_wconf 84' lang='lat' dir='ltr'>ipse</span> <span class='ocrx_word' id='word_1_873' title='bbox 3743 4808 3860 4846; x_wconf 89' lang='lat' dir='ltr'>non</span> 
     </span>
    </p>
   </div>
   <div class='ocr_carea' id='block_1_112' title="bbox 2243 4880 3858 4958">
    <p class='ocr_par' dir='ltr' id='par_1_112' title="bbox 2243 4880 3858 4958">
     <span class='ocr_line' id='line_1_112' title="bbox 2243 4880 3858 4958; baseline -0.004 -18"><span class='ocrx_word' id='word_1_874' title='bbox 2243 4886 2426 4941; x_wconf 86' lang='lat' dir='ltr'>audet.</span> <span class='ocrx_word' id='word_1_875' title='bbox 2450 4887 2588 4941; x_wconf 87' lang='lat' dir='ltr'>Sane</span> <span class='ocrx_word' id='word_1_876' title='bbox 2616 4888 2871 4958; x_wconf 88' lang='lat' dir='ltr'>quamvis</span> <span class='ocrx_word' id='word_1_877' title='bbox 2891 4885 3086 4953; x_wconf 88' lang='lat' dir='ltr'>rarius,</span> <span class='ocrx_word' id='word_1_878' title='bbox 3105 4893 3287 4940; x_wconf 89' lang='lat' dir='ltr'>tamen</span> <span class='ocrx_word' id='word_1_879' title='bbox 3313 4880 3608 4954; x_wconf 89' lang='lat' dir='ltr'>aliquoties</span> <span class='ocrx_word' id='word_1_880' title='bbox 3619 4880 3858 4946; x_wconf 85' lang='lat' dir='ltr'>accidit,</span> 
     </span>
    </p>
   </div>
   <div class='ocr_carea' id='block_1_113' title="bbox 2242 4972 3860 5047">
    <p class='ocr_par' dir='ltr' id='par_1_113' title="bbox 2242 4972 3860 5047">
     <span class='ocr_line' id='line_1_113' title="bbox 2242 4972 3860 5047; baseline -0.004 -17"><span class='ocrx_word' id='word_1_881' title='bbox 2242 4984 2303 5031; x_wconf 90' lang='lat' dir='ltr'>ut</span> <span class='ocrx_word' id='word_1_882' title='bbox 2331 4974 2449 5047; x_wconf 83' lang='lat' dir='ltr'>ejus</span> <span class='ocrx_word' id='word_1_883' title='bbox 2479 4993 2641 5047; x_wconf 90' lang='lat' dir='ltr'>quem</span> <span class='ocrx_word' id='word_1_884' title='bbox 2677 4978 2938 5033; x_wconf 88' lang='lat' dir='ltr'>volumus</span> <span class='ocrx_word' id='word_1_885' title='bbox 2969 4977 3024 5032; x_wconf 92' lang='lat' dir='ltr'>in</span> <span class='ocrx_word' id='word_1_886' title='bbox 3050 4974 3357 5032; x_wconf 89' lang='lat' dir='ltr'>amicitiam</span> <span class='ocrx_word' id='word_1_887' title='bbox 3394 4972 3662 5042; x_wconf 85' lang='lat' dir='ltr'>recipere,</span> <span class='ocrx_word' id='word_1_888' title='bbox 3698 4972 3860 5043; x_wconf 86' lang='lat' dir='ltr'>prius</span> 
     </span>
    </p>
   </div>
   <div class='ocr_carea' id='block_1_114' title="bbox 2241 5060 3856 5139">
    <p class='ocr_par' dir='ltr' id='par_1_114' title="bbox 2241 5060 3856 5139">
     <span class='ocr_line' id='line_1_114' title="bbox 2241 5060 3856 5139; baseline -0.003 -19"><span class='ocrx_word' id='word_1_889' title='bbox 2241 5064 2401 5121; x_wconf 92' lang='lat' dir='ltr'>nobis</span> <span class='ocrx_word' id='word_1_890' title='bbox 2426 5065 2776 5123; x_wconf 72' lang='lat' dir='ltr'>innotescunt</span> <span class='ocrx_word' id='word_1_891' title='bbox 2806 5068 2949 5122; x_wconf 90' lang='lat' dir='ltr'>mala</span> <span class='ocrx_word' id='word_1_892' title='bbox 2978 5081 3140 5139; x_wconf 85' lang='lat' dir='ltr'>quam</span> <span class='ocrx_word' id='word_1_893' title='bbox 3180 5063 3349 5132; x_wconf 86' lang='lat' dir='ltr'>bona,</span> <span class='ocrx_word' id='word_1_894' title='bbox 3376 5060 3577 5134; x_wconf 89' lang='lat' dir='ltr'>quibus</span> <span class='ocrx_word' id='word_1_895' title='bbox 3624 5060 3856 5125; x_wconf 77' lang='lat' dir='ltr'>oﬁ&#39;ensi,</span> 
     </span>
    </p>
   </div>
   <div class='ocr_carea' id='block_1_115' title="bbox 2241 5147 3859 5227">
    <p class='ocr_par' dir='ltr' id='par_1_115' title="bbox 2241 5147 3859 5227">
     <span class='ocr_line' id='line_1_115' title="bbox 2241 5147 3859 5227; baseline -0.003 -20"><span class='ocrx_word' id='word_1_896' title='bbox 2241 5161 2293 5207; x_wconf 90' lang='lat' dir='ltr'>et</span> <span class='ocrx_word' id='word_1_897' title='bbox 2323 5153 2733 5225; x_wconf 87' lang='lat' dir='ltr'>quodammodo</span> <span class='ocrx_word' id='word_1_898' title='bbox 2765 5153 3089 5227; x_wconf 88' lang='lat' dir='ltr'>repercussi,</span> <span class='ocrx_word' id='word_1_899' title='bbox 3119 5150 3488 5224; x_wconf 88' lang='lat' dir='ltr'>relinquimus</span> <span class='ocrx_word' id='word_1_900' title='bbox 3511 5164 3666 5216; x_wconf 88' lang='lat' dir='ltr'>eum,</span> <span class='ocrx_word' id='word_1_901' title='bbox 3700 5156 3757 5204; x_wconf 87' lang='lat' dir='ltr'>et</span> <span class='ocrx_word' id='word_1_902' title='bbox 3787 5147 3859 5202; x_wconf 80' lang='lat' dir='ltr'>ad</span> 
     </span>
    </p>
   </div>
   <div class='ocr_carea' id='block_1_116' title="bbox 2238 5236 3861 5316">
    <p class='ocr_par' dir='ltr' id='par_1_116' title="bbox 2238 5236 3861 5316">
     <span class='ocr_line' id='line_1_116' title="bbox 2238 5236 3861 5316; baseline -0.004 -20"><span class='ocrx_word' id='word_1_903' title='bbox 2238 5240 2511 5298; x_wconf 90' lang='lat' dir='ltr'>bonorum</span> <span class='ocrx_word' id='word_1_904' title='bbox 2551 5241 2669 5314; x_wconf 90' lang='lat' dir='ltr'>ejus</span> <span class='ocrx_word' id='word_1_905' title='bbox 2698 5259 2817 5316; x_wconf 69' lang='lat' dir='ltr'>quae</span> <span class='ocrx_word' id='word_1_906' title='bbox 2844 5244 2986 5299; x_wconf 89' lang='lat' dir='ltr'>forte</span> <span class='ocrx_word' id='word_1_907' title='bbox 3010 5240 3321 5298; x_wconf 89' lang='lat' dir='ltr'>occultiora</span> <span class='ocrx_word' id='word_1_908' title='bbox 3350 5245 3480 5295; x_wconf 90' lang='lat' dir='ltr'>sunt</span> <span class='ocrx_word' id='word_1_909' title='bbox 3526 5236 3861 5308; x_wconf 79' lang='lat' dir='ltr'>indagatio-</span> 
     </span>
    </p>
   </div>
   <div class='ocr_carea' id='block_1_117' title="bbox 2238 5324 3860 5404">
    <p class='ocr_par' dir='ltr' id='par_1_117' title="bbox 2238 5324 3860 5404">
     <span class='ocr_line' id='line_1_117' title="bbox 2238 5324 3860 5404; baseline -0.004 -18"><span class='ocrx_word' id='word_1_910' title='bbox 2238 5347 2364 5388; x_wconf 91' lang='lat' dir='ltr'>nem</span> <span class='ocrx_word' id='word_1_911' title='bbox 2424 5349 2537 5389; x_wconf 92' lang='lat' dir='ltr'>non</span> <span class='ocrx_word' id='word_1_912' title='bbox 2595 5333 2966 5404; x_wconf 89' lang='lat' dir='ltr'>pervenimus.</span> <span class='ocrx_word' id='word_1_913' title='bbox 3005 5330 3284 5387; x_wconf 86' lang='lat' dir='ltr'>Admonet</span> <span class='ocrx_word' id='word_1_914' title='bbox 3341 5328 3527 5401; x_wconf 88' lang='lat' dir='ltr'>itaque</span> <span class='ocrx_word' id='word_1_915' title='bbox 3570 5324 3860 5381; x_wconf 88' lang='lat' dir='ltr'>Dominus</span> 
     </span>
    </p>
   </div>
   <div class='ocr_carea' id='block_1_118' title="bbox 2238 5416 3857 5495">
    <p class='ocr_par' dir='ltr' id='par_1_118' title="bbox 2238 5416 3857 5495">
     <span class='ocr_line' id='line_1_118' title="bbox 2238 5416 3857 5495; baseline -0.005 -20"><span class='ocrx_word' id='word_1_916' title='bbox 2238 5421 2393 5476; x_wconf 85' lang='lat' dir='ltr'>Jesus</span> <span class='ocrx_word' id='word_1_917' title='bbox 2420 5421 2696 5489; x_wconf 89' lang='lat' dir='ltr'>Christus,</span> <span class='ocrx_word' id='word_1_918' title='bbox 2730 5421 2826 5495; x_wconf 91' lang='lat' dir='ltr'>qui</span> <span class='ocrx_word' id='word_1_919' title='bbox 2858 5436 2959 5477; x_wconf 91' lang='lat' dir='ltr'>nos</span> <span class='ocrx_word' id='word_1_920' title='bbox 2991 5418 3113 5475; x_wconf 89' lang='lat' dir='ltr'>vult</span> <span class='ocrx_word' id='word_1_921' title='bbox 3141 5416 3285 5474; x_wconf 78' lang='lat' dir='ltr'>efﬁci</span> <span class='ocrx_word' id='word_1_922' title='bbox 3333 5416 3643 5471; x_wconf 88' lang='lat' dir='ltr'>imitatores</span> <span class='ocrx_word' id='word_1_923' title='bbox 3692 5429 3857 5478; x_wconf 84' lang='lat' dir='ltr'>suos,</span> 
     </span>
    </p>
   </div>
   <div class='ocr_carea' id='block_1_119' title="bbox 2236 5505 3853 5585">
    <p class='ocr_par' dir='ltr' id='par_1_119' title="bbox 2236 5505 3853 5585">
     <span class='ocr_line' id='line_1_119' title="bbox 2236 5505 3853 5585; baseline -0.005 -16"><span class='ocrx_word' id='word_1_924' title='bbox 2236 5522 2298 5569; x_wconf 88' lang='lat' dir='ltr'>ut</span> <span class='ocrx_word' id='word_1_925' title='bbox 2335 5513 2453 5585; x_wconf 89' lang='lat' dir='ltr'>ejus</span> <span class='ocrx_word' id='word_1_926' title='bbox 2491 5514 2712 5571; x_wconf 79' lang='lat' dir='ltr'>infirma</span> <span class='ocrx_word' id='word_1_927' title='bbox 2737 5514 3053 5580; x_wconf 80' lang='lat' dir='ltr'>toleremus,</span> <span class='ocrx_word' id='word_1_928' title='bbox 3083 5518 3146 5567; x_wconf 91' lang='lat' dir='ltr'>ut</span> <span class='ocrx_word' id='word_1_929' title='bbox 3175 5509 3245 5567; x_wconf 87' lang='lat' dir='ltr'>ad</span> <span class='ocrx_word' id='word_1_930' title='bbox 3270 5508 3521 5583; x_wconf 72' lang='lat' dir='ltr'>quaedam</span> <span class='ocrx_word' id='word_1_931' title='bbox 3565 5522 3721 5572; x_wconf 88' lang='lat' dir='ltr'>sana,</span> <span class='ocrx_word' id='word_1_932' title='bbox 3787 5505 3853 5561; x_wconf 90' lang='lat' dir='ltr'>in</span> 
     </span>
    </p>
   </div>
  </div>
