4078 6182
209 236 346 337 ius;

1399 284 1763 345 OPUSCULA
1803 286 1892 346 ΕΤ
1932 288 2317 348 EPISTOLE.

3369 298 3506 356 1066

202 446 458 519 quorum,
488 430 852 486 delectatione
902 435 1332 506 acquiescamus,
1378 453 1475 507 per
1515 436 1801 495 charitatis
1834 444 1881 501 Α
1910 448 2066 509 strat,
2101 440 2194 495 ubi
2225 441 2302 498 ait
2336 442 2536 513 (Epist.
2564 444 2632 500 93
2652 444 2723 499 ad
2748 444 2905 516 episc.
2932 463 3088 516 prov.
3122 447 3290 519 Vicit.)
3319 468 3331 505 :
3367 475 3384 498 ι
3409 450 3510 508 Or-

202 517 553 574 tolerantiam
606 519 989 591 perducamur.
1040 522 1132 579 Ait
1177 523 1363 580 enim:
1414 525 1533 582 Non
1579 533 1654 581 est
1678 545 1809 599 opus

201 609 351 663 sanis
379 609 632 678 medicus,
664 611 754 664 sed
784 613 1159 683 (egrotantibus
1188 614 1400 685 (Matth.
1436 618 1542 689 rx).
1575 616 1809 687 Ideoque

202 696 249 753 si
283 704 512 770 propter
539 698 748 754 Christi
778 699 1128 771 charitatem,
1163 704 1326 760 etiam
1377 722 1500 762 eum
1532 707 1628 780 qui
1656 709 1808 763 omni

201 802 273 842 ex
328 794 478 859 parte
524 786 780 844 fortassis
824 797 1048 862 aegrotat
1097 792 1360 863 repellere
1390 794 1457 849 ab
1484 795 1671 851 animo
1699 813 1808 851 non

204 875 493 942 debemus,
542 876 806 950 quoniam
855 879 1037 934 sanari
1083 888 1259 952 potest
1305 899 1401 954 per
1430 884 1658 939 verbum
1688 886 1808 954 Dei,

202 973 414 1038 quanto
466 963 651 1021 minus
694 982 843 1035 eum,
893 968 988 1039 qui
1044 978 1265 1041 propter
1293 988 1393 1026 nos
1421 971 1599 1027 videri
1628 980 1806 1044 potest

207 1063 356 1111 totus
398 1061 655 1126 aegrotus,
706 1054 836 1128 quia
883 1056 1132 1127 quaedam
1185 1057 1301 1129 ejus
1331 1058 1516 1115 saucia
1544 1059 1602 1115 in
1631 1062 1811 1133 primo

206 1143 459 1217 ingressu
508 1143 766 1200 amicitiae
800 1161 909 1199 non
953 1146 1233 1217 potuimus
1261 1148 1553 1218 sustinere,
1584 1158 1637 1206 et
1663 1150 1811 1223 quod

206 1242 289 1291 est
310 1233 554 1307 gravius,
573 1251 696 1290 cum
715 1234 1017 1291 offensione
1040 1237 1211 1293 animi
1231 1237 1297 1293 de
1319 1246 1431 1296 toto
1452 1239 1675 1297 homine
1692 1240 1809 1296 ausi

207 1341 401 1380 sumus
432 1322 783 1379 temerariam
810 1322 1118 1395 praejudicii
1142 1326 1283 1383 ferre
1303 1329 1630 1384 sententiam
1651 1328 1680 1385 ‘l
1699 1344 1812 1384 non

208 1414 468 1469 timentes
498 1412 647 1486 quod
676 1412 887 1469 dictum
919 1422 1035 1472 est:
1070 1417 1246 1472 Nolite
1269 1416 1537 1487 judicare,
1568 1435 1632 1473 ne
1649 1417 1813 1488 judi-

206 1503 397 1559 cemini
415 1521 436 1569 ;
462 1510 536 1572 et,
574 1504 689 1570 Qua
718 1519 963 1560 mensura
993 1506 1157 1560 mensi
1195 1504 1428 1577 fueritis,
1472 1506 1527 1561 in
1556 1525 1615 1563 ea
1638 1525 1815 1563 reme-

209 1593 373 1648 tietur
398 1591 542 1647 vobis
572 1592 785 1664 (Matth.
819 1593 945 1665 vn).
986 1593 1136 1666 Saepe
1169 1603 1351 1651 autem
1386 1597 1481 1652 illa
1514 1613 1635 1670 quae
1668 1597 1814 1654 bona

206 1690 360 1751 sunt,
393 1682 547 1754 prius
595 1690 895 1754 apparent:
930 1682 988 1738 in
1037 1683 1238 1755 quibus
1269 1686 1431 1741 etiam
1463 1686 1811 1742 temerarium

205 1771 610 1829 benevolentia:
626 1770 900 1843 judicium
922 1773 1228 1830 cavendum
1250 1782 1350 1844 est,
1379 1791 1446 1831 ne
1475 1792 1600 1833 cum
1633 1782 1808 1832 totum
1842 1809 1887 1868 B

206 1864 421 1921 bonum
452 1863 755 1936 putaveris,
787 1879 849 1919 ea
879 1880 1003 1937 quae
1048 1873 1237 1937 postea
1266 1867 1410 1923 mala
1437 1867 1810 1939 apparuerint,

208 1970 470 2012 securum
492 1960 545 2009 et
564 1952 896 2026 imparatum
921 1961 971 2011 te
992 1953 1304 2025 inveniant,
1328 1965 1382 2012 et
1403 1956 1625 2029 gravius
1645 1956 1814 2012 offen-

208 2044 367 2113 dant,
384 2054 445 2101 ut
466 2060 588 2100 eum
614 2059 775 2117 quem
808 2051 1013 2100 temere
1033 2044 1309 2102 dilexeras
1334 2046 1589 2103 acerbius
1609 2047 1811 2115 oderis,

209 2134 360 2209 quod
384 2134 538 2191 nefas
558 2143 673 2191 est:
699 2133 827 2208 quia
856 2134 1072 2191 etiamsi
1099 2136 1254 2191 nulla
1282 2134 1399 2207 ejus
1428 2136 1575 2193 bona
1600 2152 1815 2209 prace-

208 2230 451 2298 derent;
503 2239 556 2287 et
603 2232 721 2289 huic
766 2249 887 2305 quae
934 2238 1058 2304 post
1105 2231 1459 2304 apparuerint
1488 2233 1632 2288 mala
1661 2234 1814 2306 prius

208 2321 545 2390 eminerent,
568 2320 850 2378 toleranda
878 2329 1061 2377 tamen
1079 2328 1254 2389 erant,
1274 2319 1452 2377 donec
1482 2320 1668 2376 omnia
1687 2337 1814 2377 cum

208 2410 311 2466 illo
341 2426 548 2483 ageres,
577 2410 780 2484 quibus
801 2410 931 2467 talia
951 2409 1132 2467 sanari
1166 2410 1346 2466 solent
1370 2427 1381 2465 :
1408 2418 1613 2482 quanto
1644 2411 1817 2483 magis

207 2517 339 2558 cum
388 2516 452 2556 ea
498 2500 641 2557 bona
695 2508 1110 2573 praecesserunt,
1143 2517 1263 2573 quae
1292 2507 1558 2573 tanquam
1588 2500 1818 2575 pignora

208 2607 314 2647 nos
344 2589 548 2646 debent
578 2590 645 2646 ad
674 2590 978 2663 posteriora
1009 2590 1292 2647 toleranda
1321 2592 1694 2663 constringere
1719 2592 1746 2648 ‘t

284 2701 410 2774 Ipsa
439 2708 522 2757 est
549 2717 677 2773 ergo
709 2703 800 2758 lex
828 2700 1036 2760 Christi
1065 2708 1129 2757 ut
1158 2700 1399 2759 invicem
1437 2716 1603 2757 onera
1631 2708 1819 2758 nostra

208 2801 518 2866 portemus.
546 2792 829 2851 Christum
860 2800 1041 2849 autem
1071 2792 1352 2865 diligendo
1382 2793 1542 2850 facile
1570 2793 1818 2849 sustine-

213 2902 345 2941 mus
368 2884 749 2940 infirmitatem
773 2883 1020 2952 alterius,
1040 2882 1202 2940 etiam
1226 2900 1386 2955 quem
1418 2883 1663 2939 nondum
1683 2899 1819 2955 pro-

210 2983 341 3047 pter
390 2991 488 3031 sua
516 2974 662 3031 bona
690 2973 995 3045 diligimus.
1027 2973 1341 3045 Cogitamus
1370 2974 1541 3039 enim,
1572 2973 1700 3047 quia
1727 2975 1819 3029 ille

211 3080 382 3138 quem
421 3064 727 3137 diligimus,
746 3062 1019 3120 Dominus
1046 3069 1270 3136 propter
1287 3080 1412 3120 eum
1444 3071 1696 3120 mortuus
1716 3071 1816 3120 est.

1918 527 2261 585 dinationem
2292 530 2398 585 sibi
2429 531 2636 603 singuli
2686 533 3098 606 metropolitani
3131 551 3351 592 suarum
3390 555 3513 610 pro-

1919 617 2230 673 vinciarum
2249 635 2375 674 cum
2394 619 2484 675 his
2503 621 2598 693 qui
2627 630 2854 679 caeteros
2873 622 3167 680 sacerdotii
3187 624 3513 696 antiquitate

1919 704 2285 775 praeveniunt,
2329 706 2601 762 restituto
2631 707 2735 763 sibi
2782 724 2879 779 per
2914 726 3015 766 nos
3036 707 3163 781 jure
3195 710 3513 767 defendant.

1920 789 2181 847 Alienum
2226 792 2318 864 jus
2362 795 2501 850 alter
2529 795 2638 851 sibi
2670 811 2782 851 non
2813 797 3011 853 audeat
3040 798 3324 856 vindicare
3358 818 3369 857 :
3402 799 3515 855 suis

1924 876 2214 950 limitibus,
2249 882 2362 938 suis
2393 881 2648 939 terminis
2672 884 2745 939 sit
2775 887 3154 959 unusquisque
3191 896 3505 945 contentus.

1921 966 2060 1023 Nam
2100 971 2350 1026 omnium
2397 972 2771 1029 Ecclesiarum
2821 981 3025 1032 statum
3066 982 3120 1031 et
3162 977 3512 1033 concordiam

1920 1058 2187 1115 custodiri
2218 1061 2473 1133 cupimus
2491 1062 2862 1132 sacerdotum,
2887 1065 2955 1121 ad
2978 1065 3246 1122 unitatem
3269 1083 3367 1123 vos
3397 1066 3516 1121 vino

1920 1148 2045 1203 culo
2076 1148 2362 1206 charitatis
2396 1150 2702 1220 hortantes,
2734 1160 2796 1207 ut
2850 1169 2912 1209 ea
2943 1170 3062 1226 quae
3110 1171 3142 1211 a
3192 1154 3377 1223 nobis,
3405 1157 3517 1211 Deo

1921 1236 2223 1309 inspirante
2258 1245 2311 1294 et
2350 1238 2669 1296 beatissimo
2717 1242 2875 1297 Petro
2918 1244 3167 1314 apostolo
3192 1286 3207 1312 ,
3253 1243 3517 1300 discussis

1921 1325 2280 1400 probatisque
2310 1345 2459 1386 nunc
2488 1330 2749 1386 omnibus
2777 1331 2976 1401 causis,
3000 1332 3219 1389 decreta
3242 1341 3392 1403 sunt,
3418 1351 3518 1407 pro

1924 1425 2105 1473 vestra
2129 1434 2258 1491 pace
2282 1425 2336 1474 et
2362 1418 2630 1491 dignitate
2656 1423 2908 1479 servetis.
2942 1423 3101 1481 Certe
3123 1440 3237 1481 non
3266 1431 3378 1481 tam
3411 1441 3504 1481 no-

1923 1513 2035 1561 stro
2063 1522 2225 1579 quam
2257 1516 2443 1564 vestro
2474 1509 2673 1566 honori
2705 1511 2967 1584 prolicere
3017 1529 3115 1569 vos
3144 1514 3276 1569 talia
3303 1514 3520 1572 consti—

1924 1598 2094 1655 tuisse
2142 1601 2547 1673 cognoscimus.
2581 1603 2701 1660 Non
2740 1603 2889 1661 enim
2930 1604 3091 1663 nobis
3140 1606 3517 1667 ordinationes

1923 1693 2233 1745 vestrarum
2266 1690 2688 1763 provinciarum
2718 1691 3088 1765 defendimus,
3113 1695 3209 1753 sed
3236 1696 3396 1754 vobis
3425 1713 3521 1770 per

1922 1790 2157 1839 vestram
2180 1785 2624 1844 sollicitudinem
2646 1787 3014 1860 vindicamus,
3037 1808 3105 1849 ne
3127 1792 3261 1866 quid
3282 1793 3519 1851 ulterius

1926 1872 2087 1928 liceat
2129 1874 2388 1945 novitati,
2442 1892 2544 1934 nec
2590 1879 2976 1953 praesumptori
3026 1882 3182 1939 locus
3231 1883 3378 1939 ultra
3405 1881 3521 1956 jam

1924 1969 2101 2032 pateat
2131 1964 2423 2038 privilegia
2453 1976 2634 2024 vestra
2662 1969 2935 2027 cassandi.
2968 1970 3179 2028 Nostrae
3206 1972 3357 2030 enim
3386 1991 3518 2046 gra-

1926 2053 2183 2109 tulationi
2215 2055 2322 2113 hoc
2359 2058 2539 2114 solum
2569 2074 2811 2116 crescere
2847 2060 3190 2132 profitemur,
3236 2064 3284 2119 si
3314 2072 3369 2120 et
3400 2081 3523 2138 apo-

1925 2142 2133 2199 stolicaa
2166 2144 2310 2201 sedis
2339 2147 2651 2203 reverentia
2678 2148 2826 2221 apud
2856 2165 2954 2206 vos
2984 2148 3206 2208 illibata
3244 2162 3519 2223 servetur,

1925 2236 1977 2285 et
2008 2246 2103 2301 per
2130 2233 2486 2291 sacerdotalis
2524 2235 2835 2309 disciplinae
2863 2239 3174 2296 custodiam
3204 2239 3403 2297 honori
3435 2258 3523 2299 vc-

1926 2324 2039 2375 stro
2070 2321 2247 2392 perire
2296 2323 2446 2395 quod
2482 2341 2645 2381 suum
2676 2335 2757 2383 est
2783 2326 3052 2399 improbis
3077 2329 3527 2402 usurpationibus

1927 2423 2039 2463 non
2070 2424 2336 2466 smamus.
2360 2436 2379 2459 ι

1999 2526 2141 2585 Ecce
2169 2528 2302 2602 quia
2332 2528 2506 2602 magis
2540 2529 2739 2589 honori
2772 2532 3327 2606 metropolitanorum
3361 2535 3524 2621 proli;

1927 2615 2083 2673 ciunt
2135 2634 2196 2674 ea
2239 2635 2360 2692 quze
2407 2618 2514 2677 hoc
2560 2620 2725 2677 modo
2766 2622 2959 2678 statuit
2989 2623 3144 2679 sedes
3171 2615 3516 2697 apostolica

1928 2723 2092 2779 quam
2123 2707 2231 2764 sibi
2261 2709 2567 2765 conferant.
2603 2711 2760 2767 Unde
2785 2718 2840 2767 et
2867 2727 3088 2768 omnem
3132 2728 3229 2769 cor
3260 2729 3523 2770 carneum

1930 2795 2221 2853 habentem
2252 2798 2394 2854 illud
2425 2807 2644 2871 tangere
2675 2799 2858 2868 debet,
2888 2800 3036 2874 quod
3055 2801 3248 2857 eodem
3279 2801 3523 2874 ejusdem

1931 2901 2079 2957 papae
2114 2893 2266 2943 tomo
2294 2887 2588 2944 disseritur
2613 2888 2681 2944 de
2721 2902 3049 2962 quocunque
3079 2889 3175 2961 qui
3205 2889 3322 2962 ejus
3361 2898 3529 2964 pote-

1930 2982 2122 3031 statem
2160 2983 2331 3033 tentat
2360 2977 2680 3051 infringere.
2715 2979 2979 3036 Aitenim
3003 2979 3161 3052 (ibid.
3197 2980 3254 3035 in
3272 2981 3478 3054 princ.)
3509 3000 3522 3039 :

1946 3090 1963 3111 ι
1988 3064 2207 3123 Divina:
2236 3067 2452 3123 cultum
2483 3068 2793 3140 religionis,
2817 3084 2979 3140 quem
3011 3068 3070 3123 in
3101 3085 3292 3125 omnes
3320 3070 3524 3141 genies,

211 3153 397 3221 Quam
445 3152 776 3213 charitatem'
823 3151 984 3207 nobis
1038 3152 1318 3223 apostolus
1355 3151 1557 3207 Paulus
1593 3151 1817 3223 ingessit
1854 3169 1899 3231 ο
1934 3170 2230 3228 omnesque
2260 3157 2510 3212 nationes
2554 3157 2652 3212 Dei
2687 3156 2864 3213 voluit
2895 3157 3068 3229 gratia
3105 3173 3415 3226 coruscare,
3448 3159 3528 3214 ita

210 3263 347 3304 cum
384 3244 624 3303 diceret:
657 3248 734 3302 Et
756 3245 955 3317 peribit
997 3246 1243 3317 inﬁrmus
1279 3244 1336 3298 in
1369 3250 1458 3298 tua
1489 3243 1821 3311 conscientia,

210 3337 415 3408 frater,
437 3343 654 3409 propter
670 3352 821 3407 quem
855 3335 1098 3392 Christus
1120 3340 1360 3389 mortuus
1380 3340 1454 3388 est
1476 3333 1535 3403 (Ι
1561 3333 1688 3389 Cor.
1714 3332 1820 3403 χι).

210 3426 309 3495 Ut,
352 3425 397 3480 si
430 3425 587 3480 illum
620 3424 905 3482 infirmum
936 3432 1158 3497 propter
1196 3422 1397 3479 vitium
1429 3437 1537 3495 quo
1568 3420 1824 3477 infirmus

210 3522 299 3570 est
343 3513 530 3569 minus
556 3512 862 3586 diligimus,
903 3513 1064 3569 illum
1096 3512 1153 3567 in
1184 3527 1249 3566 eo
1287 3510 1698 3567 consideremus
1729 3510 1823 3582 qui

211 3611 485 3659 mortuus
513 3608 598 3658 est
650 3611 870 3673 propter
913 3602 1115 3674 ipsum.
1174 3599 1458 3658 Christum
1500 3607 1682 3656 autem
1713 3615 1824 3656 non

211 3692 484 3763 diligere,
517 3705 633 3743 non
680 3688 988 3759 inﬁrmitas,
1022 3690 1117 3746 sed
1158 3707 1305 3746 mors
1350 3697 1451 3747 est.
1485 3689 1826 3761 Quapropter

212 3777 449 3852 ingenti
479 3793 632 3846 cura,
658 3785 711 3833 et
741 3778 1030 3850 implorata
1058 3779 1158 3835 Dei
1187 3778 1564 3835 misericordia
1585 3777 1825 3850 cogitan-

209 3869 361 3926 dum
398 3872 482 3922 est
507 3882 574 3922 ne
603 3864 886 3923 Christum
916 3868 1255 3939 negligamus
1275 3875 1497 3940 pr0pter
1517 3866 1822 3934 infirmum,

213 3973 354 4016 cum
390 3954 674 4011 infirmum
695 3955 993 4012 debeamus
1018 3956 1244 4027 diligere
1273 3965 1494 4028 propter
1521 3956 1822 4013 Christum.

291 4047 511 4119 Itaque,
559 4046 784 4102 domine
830 4052 1001 4117 pater,
1049 4043 1213 4099 habet
1240 4043 1333 4101 hic
1364 4044 1603 4100 maxima
1638 4053 1828 4116 pater-

216 4135 379 4193 nitas
410 4142 592 4190 vestra
622 4134 898 4189 virtutum
932 4132 1108 4205 copiis
1137 4131 1398 4205 perfecta,
1427 4132 1561 4206 quid
1591 4133 1828 4205 perfecte

219 4223 519 4282 comedat:
564 4223 780 4279 invenit
828 4230 882 4279 et
912 4222 1003 4279 hic
1031 4223 1271 4294 parvitas
1323 4238 1458 4290 mea,
1490 4221 1662 4278 nullis
1690 4221 1829 4277 fulta

222 4312 572 4387 probitatem
620 4311 912 4384 praesidiis,
958 4311 1090 4385 quid
1120 4311 1439 4382 imperfecta
1491 4318 1666 4383 sugat.
1702 4311 1828 4367 Haec

215 4413 306 4460 est
337 4403 490 4460 enim
520 4402 768 4475 apposita
798 4402 995 4470 forma,
1018 4402 1106 4459 cui
1141 4419 1368 4473 magnus
1399 4410 1453 4459 et
1479 4418 1680 4474 parvus
1703 4400 1829 4473 jure

214 4493 475 4566 imprimi
505 4494 752 4565 possint:
786 4509 887 4549 nec
934 4501 1016 4549 est
1050 4492 1328 4548 invidiosa
1358 4490 1524 4563 hujus
1550 4492 1660 4547 viri
1692 4508 1824 4564 per-
1851 4529 1910 4592 D

214 4599 386 4651 sona,
414 4599 580 4655 quam
602 4598 701 4654 pro
733 4597 819 4637 me
848 4581 1112 4654 agendam
1134 4579 1510 4637 mediatricem
1535 4580 1825 4637 introduxi

213 4671 630 4745 qualiscunque
652 4671 837 4727 frater.
863 4672 1039 4726 Filius
1054 4670 1200 4726 enim
1222 4669 1483 4742 indignus
1504 4686 1625 4726 sum
1649 4670 1822 4726 nomi-

216 4760 373 4826 nari,
410 4776 478 4815 ne
536 4768 719 4816 vestra
765 4776 982 4833 peream
1012 4759 1261 4816 scientia.
1295 4760 1489 4816 Fateor
1516 4760 1665 4815 enim
1696 4759 1826 4832 quia

214 4866 288 4906 ea
338 4865 463 4921 quae
512 4849 695 4905 taliter
733 4849 997 4917 scribitis,
1048 4866 1159 4906 non
1207 4866 1277 4906 ex
1303 4849 1485 4907 radice
1542 4846 1826 4906 charitatis

214 4933 483 5006 intelligo
513 4934 753 5006 prodire,
785 4951 887 4991 nec
918 4951 950 4991 a
979 4936 1131 4991 fonte
1157 4934 1405 5007 genuinas
1454 4935 1671 5007 pietatis
1700 4949 1827 4988 ma-

215 5041 385 5081 nare.
418 5023 543 5079 Non
573 5023 735 5081 debet
764 5042 862 5097 pro
890 5042 1009 5081 mea
1038 5025 1277 5083 stultitia
1320 5034 1499 5081 vestra
1528 5024 1702 5080 fucari
1730 5040 1827 5080 sa-

211 5114 459 5191 pientia,
480 5114 608 5187 quia
626 5115 866 5171 stultitia
887 5132 1005 5171 mea
1024 5115 1120 5170 illa
1140 5122 1241 5182 est,
1264 5114 1354 5170 cui
1373 5130 1483 5169 non
1508 5121 1591 5169 est
1612 5129 1828 5169 necesse

221 5204 560 5277 responderi
582 5223 593 5261 :
620 5205 920 5261 secundum
943 5222 1127 5262 senem
1143 5203 1412 5261 efﬁciatur
1426 5202 1758 5274 respondens
1778 5199 1828 5255 ei

212 5293 453 5361 similis,
478 5294 740 5366 quoniam
770 5294 914 5350 sicut
934 5294 1185 5365 intelligo
1205 5294 1284 5349 sic
1306 5294 1519 5365 loquor.
1537 5292 1828 5361 Nunquam

212 5391 378 5442 certe
409 5382 478 5439 ad
508 5383 615 5442 hoc
644 5385 710 5440 de
739 5385 1052 5457 apostolicae
1067 5384 1211 5442 sedis
1239 5383 1529 5455 privilegio
1558 5381 1831 5438 efferendo

211 5473 453 5546 scripsi,
475 5475 564 5529 vel
596 5477 811 5532 locutus
834 5476 935 5543 fui,
966 5486 1025 5532 ut
1046 5475 1302 5532 vestrain
1338 5473 1444 5531 hoc
1466 5474 1833 5529 minoraretur

212 5564 543 5640 quantitas,
571 5567 666 5623 sed
706 5568 820 5623 imo
849 5577 911 5624 ut
940 5576 1121 5625 vestra
1149 5584 1275 5639 erga
1305 5583 1403 5623 nos
1433 5574 1697 5623 cresceret
1727 5582 1833 5621 au—

206 5655 464 5717 ctoritas
482 5674 493 5714 :
511 5655 657 5729 quod
678 5658 815 5715 illud
840 5675 987 5731 papae
1016 5658 1212 5716 Leonis
1229 5658 1580 5716 enucleanter
1593 5655 1833 5714 demon—

525 5756 767 5819 Paraon.
807 5756 1060 5816 CXXIV.

1934 3244 2205 3300 Dominus
2244 3254 2432 3301 noster
2487 3245 2642 3302 Jesus
2695 3245 2969 3314 Christus,
3024 3245 3253 3303 humani
3311 3248 3527 3318 generis

1935 3332 2203 3402 Salvator,
2236 3334 2304 3390 ad
2325 3333 2575 3389 omnium
2598 3335 2973 3407 apostolorum
2995 3334 3236 3392 oﬂicium
3259 3336 3529 3407 pertinere

1934 3422 2133 3489 voluit,
2165 3430 2227 3477 ut
2248 3422 2305 3477 in
2330 3422 2649 3479 beatissimo
2671 3424 2834 3479 Petro
2875 3424 3251 3494 apostolorum
3279 3424 3529 3479 omnium

1934 3527 2151 3566 summo
2182 3511 2564 3583 principaliter
2610 3513 2927 3578 collocaret,
2983 3521 3045 3569 et
3088 3512 3156 3569 ab
3207 3513 3328 3585 ipso
3376 3514 3531 3586 quasi

1934 3598 2172 3672 quodam
2201 3600 2385 3671 capite
2416 3600 2563 3657 dona
2590 3618 2689 3657 sua
2716 3602 2886 3658 vellet
2906 3602 2966 3657 in
2986 3618 3187 3674 corpus
3212 3616 3377 3658 omne
3406 3618 3532 3658 ma-

1935 3703 2085 3755 nare,
2110 3695 2171 3743 ut
2187 3696 2466 3746 exsortem
2485 3706 2541 3746 se
2563 3690 2815 3764 mysterii
2840 3690 3173 3763 intelligeret
3192 3706 3308 3746 esse
3328 3690 3530 3759 divini,

1935 3778 2029 3851 qui
2058 3794 2222 3834 ausus
2252 3778 2443 3838 fuisset
2483 3796 2514 3836 a
2543 3789 2708 3853 petrae
2739 3778 3021 3836 soliditate
3070 3778 3341 3836 recedere.
3374 3779 3534 3837 Hunc

1935 3868 2172 3935 enimjn
2202 3870 2543 3926 consortium
2573 3868 2883 3926 individua;
2905 3869 3138 3926 unitatis
3166 3877 3530 3942 assumptum,

1936 3956 1992 4012 id
2021 3956 2165 4030 quod
2183 3957 2300 4031 ipse
2324 3966 2439 4015 erat
2460 3959 2639 4016 voluit
2660 3960 2938 4016 nominari
2962 3958 3232 4016 dicendo:
3263 3961 3340 4016 Tu
3368 3975 3421 4014 es
3439 3961 3534 4015 Pe-

1938 4051 2073 4115 trus,
2101 4053 2148 4101 et
2172 4063 2329 4117 super
2348 4049 2482 4103 hanc
2508 4055 2715 4120 petram
2734 4048 3003 4120 cediﬁcabo
3037 4047 3331 4105 Ecclesium
3360 4063 3535 4104 meam

1939 4136 2149 4202 (Matth.
2175 4137 2320 4207 xvr),
2335 4144 2396 4191 ut
2412 4136 2599 4191 aeterni
2622 4136 2813 4207 templi
2832 4136 3126 4192 aediﬁcatio
3144 4135 3386 4192 mirabili
3409 4153 3524 4194 mu-

1937 4238 2065 4278 nere
2094 4222 2279 4294 gratiaa
2308 4221 2428 4289 Dei,
2452 4222 2509 4276 in
2539 4222 2685 4277 Petri
2719 4221 3000 4275 soliditate
3029 4222 3373 4277 consisteret.
3414 4223 3519 4279 Ve-

1938 4328 2061 4368 rum
2108 4311 2250 4369 hanc
2299 4319 2463 4383 petrae
2510 4309 2671 4366 istius
2698 4307 3123 4366 sacratissimam
3154 4307 3476 4363 firmitatem
3507 4353 3522 4378 ,

1936 4402 2050 4457 Deo
2076 4407 2133 4455 ut
2148 4398 2395 4455 diximus
2411 4397 2738 4466 aediﬁcante,
2762 4404 3155 4466 constructam,
3171 4395 3339 4452 nimis
3363 4396 3536 4468 impia

1938 4491 2059 4562 vult
2088 4489 2516 4562 praesumptione
2543 4487 2772 4555 violare,
2798 4486 3048 4559 quisquis
3067 4484 3186 4556 ejus
3209 4492 3533 4558 potestatem

1938 4586 2112 4636 tentat
2151 4578 2476 4652 infringere,
2507 4574 2745 4632 favendo
2772 4572 3174 4647 cupiditatibus
3220 4573 3358 4643 suis,
3392 4582 3446 4630 et
3476 4573 3536 4630 id

1938 4671 2084 4745 quod
2114 4671 2322 4744 accepit
2356 4686 2386 4725 a
2415 4665 2696 4724 veteribus
2725 4681 2838 4722 non
2877 4664 3177 4739 sequendo,
3230 4680 3357 4721 cum
3387 4664 3532 4721 nulli

1939 4761 2221 4817 subditum
2252 4759 2379 4832 legi,
2432 4757 2604 4814 nullis
2634 4756 3007 4815 institutionis
3033 4755 3339 4813 Dominicis
3360 4754 3536 4815 credit

1940 4848 2144 4921 regulis
2168 4846 2462 4916 contineri,
2498 4863 2529 4903 a
2558 4854 2742 4903 vestro
2761 4854 3057 4918 nostroque
3078 4860 3174 4919 per
3192 4862 3357 4902 novae
3381 4861 3535 4901 usur-

1940 4936 2181 5009 pationis
2208 4936 2478 4993 ambitum
2495 4949 2644 4991 more
2656 4934 2982 5003 desciscens,
3004 4933 3386 5007 praesumendo
3410 4932 3536 4988 illi-

1940 5026 2070 5095 cita,
2102 5035 2294 5100 etquae
2314 5024 2593 5083 custodire
2607 5023 2801 5080 debuit
2820 5022 3167 5095 negligenda.
3191 5022 3397 5079 Verum
3419 5020 3537 5077 haec

1942 5133 2064 5185 nos,
2097 5119 2209 5173 Deo
2240 5125 2302 5173 ut
2326 5117 2603 5174 credimus
2651 5116 2945 5187 aspirante,
3000 5120 3215 5170 servata
3260 5112 3409 5170 circa
3432 5129 3533 5169 vos

1944 5215 2143 5262 nostrae
2191 5206 2475 5262 charitatis
2528 5206 2722 5277 gratia,
2772 5219 2936 5276 quam
2997 5201 3279 5260 sanctitati
3339 5208 3535 5258 vestrae

1944 5294 2245 5368 apostolica
2266 5311 2479 5366 semper
2494 5293 2665 5362 sedes,
2687 5300 2749 5348 ut
2770 5290 3122 5359 meministis,
3147 5288 3436 5361 impendit,
3455 5289 3538 5346 ni-

1944 5385 2118 5440 timur
2146 5383 2382 5442 consilio
2403 5382 2705 5439 maturiore
2723 5382 3016 5454 corrigere,
3040 5390 3093 5438 et
3109 5389 3415 5436 vestrarum
3433 5381 3535 5437 Ec-

1947 5474 2237 5531 clesiarum
2291 5479 2499 5528 statum
2554 5471 2965 5529 communicato
3028 5469 3315 5527 vobiscum
3352 5469 3536 5527 labore

1946 5580 2276 5637 componere
2309 5581 2321 5619 :
2355 5577 2466 5619 non
2486 5576 2631 5617 nova
2661 5560 3043 5630 instituentes,
3066 5559 3159 5616 sed
3177 5567 3362 5618 vetera
3379 5576 3535 5617 reno-

1948 5664 2165 5721 vantes,
2194 5662 2255 5712 ut
2285 5654 2343 5710 in
2372 5661 2547 5710 status
2574 5649 2996 5722 consuetudine,
3028 5668 3148 5725 quas
3176 5650 3337 5708 nobis
3366 5666 3397 5707 a
3424 5666 3538 5707 no-

3217 5745 3291 5807 3b
