4056 6190
459 253 593 310 1067

460 405 587 461 stris
612 399 858 474 patribus
886 403 967 452 est
995 393 1216 461 tradita,
1240 389 1620 463 perduremus,
1645 391 1699 438 et
1717 383 1830 437 Deo
1851 387 2038 474 nostro
2070 378 2116 435 A

457 509 553 567 per
569 469 702 546 boni
724 488 904 560 operis
919 482 1286 541 ministerium
1297 476 1552 548 ,[remotis
1577 469 2051 544 perturbationum

459 559 730 640 scandalis
761 559 1101 650 placeamus.
1159 596 1176 620 ι
1246 570 1317 625 Et
1368 567 1425 622 in
1457 573 1630 621 status
1657 559 2054 619 consuetudine

459 690 578 747 quae
619 688 650 726 a
697 648 948 743 patribus
976 671 1058 720 est
1101 660 1305 717 tradita
1359 655 1756 730 perdurantes,
1810 658 1920 706 tam
1954 648 2054 704 iste

460 739 625 836 quam
655 739 846 815 omnes
875 755 960 811 sui
996 751 1424 826 prazdecessores
1454 762 1518 801 ac
1564 756 1902 799 successores
1930 739 2057 810 pla-

459 827 581 908 cere
616 849 960 920 delegerunt,
995 843 1090 915 qui
1112 835 1637 909 archiepiscopalem
1661 827 2059 905 praestabilita—

461 949 574 998 tem
620 919 806 994 debito
854 935 1064 989 honore
1107 926 1383 983 munerati
1433 933 1582 992 sunt,
1613 931 1667 978 et
1697 919 2058 992 episcopalem

463 1028 788 1098 dignitatem
836 1030 962 1095 apta
1011 1017 1377 1075 aediﬁcatione
1429 1015 1879 1084 composuerunt,
1914 1013 1967 1061 et
1996 1005 2055 1060 in

462 1123 740 1172 structura
765 1113 964 1168 domus
979 1107 1204 1165 Domini
1218 1113 1368 1160 tanta
1380 1101 1675 1158 altitudine
1696 1099 2056 1162 collocarunt,

462 1221 531 1260 ne
561 1202 627 1258 ah
676 1200 1054 1272 improborum
1103 1195 1397 1253 hominum
1441 1190 1641 1264 jaculis
1688 1185 1900 1242 viribus
1929 1182 2060 1238 ullis

462 1291 675 1366 possint
727 1289 939 1347 collidi.
995 1290 1155 1344 Omne
1206 1299 1422 1356 regnum
1462 1281 1518 1335 in
1553 1279 1780 1350 seipsum
1810 1273 2057 1337 divisum,

462 1360 540 1438 ait
590 1379 881 1447 Dominus,
925 1375 1252 1433 desolabitur
1305 1371 1520 1443 (Matth.
1562 1371 1690 1437 xu).
1741 1365 1860 1421 Non
1914 1360 2060 1419 istud

471 1487 700 1544 regnum
737 1468 900 1526 debet
929 1464 1133 1531 dividi,
1185 1463 1243 1519 in
1303 1459 1504 1534 quibus
1553 1465 1634 1513 est
1685 1471 1780 1512 cor
1803 1468 1977 1509 unum
2011 1458 2064 1507 et

467 1567 652 1622 anima
680 1578 792 1619 una
822 1561 880 1616 in
914 1575 1027 1615 uno
1057 1555 1278 1630 spiritu.

539 1655 645 1712 Sed
704 1650 1091 1725 nunquidnam
1168 1662 1281 1701 non
1347 1641 1596 1716 aperiam
1656 1636 1882 1694 domino
1939 1649 2060 1688 meo

1485 227 1829 287 HINCMARI
1869 216 2356 280 LAUDUNENSIS
2395 209 2711 294 EPISCOPI

2148 371 2397 428 habitare
2444 369 2503 424 in
2547 367 2731 422 domo.
2774 389 2790 412 ι

3610 188 3767 246 1068

2848 362 2916 416 Et
2973 359 3146 413 item:
3199 377 3218 401 ‹
3252 349 3562 422 Praposuit
3611 348 3790 403 enim

2164 459 2466 532 Apostolus
2482 456 2808 513 charitatem
2825 449 3029 522 linguis
3044 443 3334 532 hominum
3349 448 3402 532 et
3422 439 3762 532 angelorum
3779 481 3797 504 ,

2165 528 2466 624 praeposuit
2496 543 2778 601 miraculis
2809 539 2956 606 ﬁdei,
2981 531 3278 608 praeposuit
3297 528 3540 624 scientiae
3560 535 3618 583 et
3636 543 3801 624 pro-

2167 614 2389 712 phetiae,
2421 633 2720 710 praeposuit
2750 629 2917 687 etiam
2947 626 3098 680 illam
3141 636 3339 692 magno
3359 616 3512 690 operi
3543 614 3800 671 miseri-

2167 705 2390 795 cordiae,
2423 705 2554 798 quo
2599 737 2696 778 sua
2745 736 2863 792 quae
2921 712 3164 788 possidet
3210 707 3499 765 distribuit
3536 705 3801 778 quisque

2169 795 2530 890 pauperibus;
2560 821 2614 868 et
2642 810 2710 866 ad
2737 817 3047 865 extremum
3097 797 3397 874 praeposuit
3424 795 3587 851 etiam
3641 809 3800 848 cor-

2169 881 2318 980 poris
2351 901 2698 977 passionibus
2720 896 2978 954 omnibus
2996 894 3054 964 (Ι
3073 892 3197 948 Cor.
3229 885 3526 958 xm).Tam
3557 881 3800 954 magnis

2169 977 2331 1055 rebus
2357 993 2657 1070 praeposuit
2686 989 3043 1048 charitatem:
3077 983 3250 1054 ipsam
3290 977 3511 1044 habeto,
3541 983 3596 1031 et
3627 990 3802 1030 cun-

2171 1101 2255 1148 cta
2275 1065 2524 1153 habebis,
2555 1085 2685 1158 quia
2711 1083 2829 1138 sine
2853 1080 2951 1135 illa
2981 1073 3124 1131 nihil
3153 1070 3401 1145 proderit
3431 1068 3475 1123 si
3508 1065 3646 1158 quid
3667 1065 3804 1120 ha—

2169 1181 2296 1236 bere
2326 1157 2595 1252 poteris;
2629 1175 2700 1229 Et
2730 1173 2860 1228 item
2889 1188 2901 1225 :
2939 1193 2957 1216 ι
2987 1165 3162 1233 Quale
3190 1162 3400 1218 bonum
3429 1167 3509 1213 est
3530 1157 3804 1214 charitas

2172 1270 2294 1337 ista,
2318 1245 2551 1324 fratres?
2572 1261 2705 1338 quid
2726 1258 3019 1335 pretiosius
3040 1255 3068 1312 ‘I
3089 1251 3223 1328 quid
3244 1247 3616 1307 luminosius?
3639 1245 3801 1338 quid

2171 1360 2424 1416 firmius?
2446 1354 2578 1431 quid
2590 1337 2792 1410 utilius
2814 1350 2842 1406 7
2860 1347 2993 1422 quid
3015 1343 3266 1403 securius
3285 1341 3313 1397 ?
3337 1339 3506 1397 Multa
3522 1345 3657 1431 sunt
3677 1337 3800 1392 Dei

2170 1451 2335 1520 dona,
2357 1430 2478 1524 quas
2516 1455 2702 1504 tamen
2729 1441 2931 1498 habent
2961 1447 3013 1495 et
3043 1434 3208 1492 multi
3239 1432 3334 1506 qui
3368 1430 3566 1488 dicturi
3602 1436 3749 1486 sunt
3779 1449 3794 1486 :

2170 1520 2409 1609 Domine,
2442 1539 2500 1594 in
2527 1533 2734 1591 nomine
2755 1539 2843 1588 tuo
2871 1524 3325 1602 prophetavimus,
3359 1520 3415 1576 in
3448 1521 3660 1575 nomine
3693 1527 3801 1575 tuo

2170 1631 2430 1691 daemonia
2461 1628 2724 1699 ejeci-mus,
2757 1625 2814 1680 in
2848 1620 3054 1678 nomine
3090 1625 3179 1672 tuo
3218 1616 3438 1670 virtutes
3465 1615 3663 1668 multa:
3693 1611 3803 1681 fe—

469 1704 964 1820 qubdwmea—adhuc
979 1737 1230 1794 volvitur
1242 1704 1425 1791 mente
1443 1733 1470 1787 ‘I
1490 1731 1705 1798 Quanto
1723 1726 1896 1798 major
1918 1722 2060 1796 apud
2093 1732 2140 1791 B
2172 1726 2340 1781 cimus
2365 1719 2582 1820 (blatth.
2615 1716 2748 1788 vn).
2777 1713 2898 1820 Non
2928 1706 3230 1820 respondet
3253 1705 3371 1806 ille,
3394 1705 3514 1820 Non
3535 1704 3794 1820 fecistis:

468 1837 757 1894 saaculares
788 1832 1118 1905 praedicatur
1144 1824 1445 1898 apostolica
1475 1828 1731 1893 potestas,
1757 1822 1910 1905 tanto
1941 1828 2068 1868 rna-

468 1925 548 1998 gis
574 1923 718 1996 apud
748 1903 896 1993 ipsos
926 1927 1048 1992 post
1083 1917 1236 1972 illam
1265 1909 1600 1985 praevalebat
1621 1903 2068 1998 archiepiscopa-

469 1990 539 2070 iis
551 1990 870 2068 auctoritas.
898 1990 1087 2064 lionor
1107 2005 1255 2060 enim
1289 1999 1496 2056 subditi
1516 2003 1757 2069 potestas
1777 2001 1857 2048 est
1879 1990 2066 2063 praela-

468 2107 512 2162 ti
547 2124 560 2174 ;
600 2103 858 2177 quoniam
893 2101 938 2156 si
977 2097 1310 2155 humiliatur
1341 2093 1620 2166 praelatus,
1672 2088 1989 2160 quicunque
2017 2085 2067 2140 ei

469 2195 804 2260 subdantur,
860 2207 929 2247 ex
978 2185 1152 2260 ipsius
1205 2181 1636 2241 diminoralione
1672 2184 2070 2249 consequenter

471 2289 847 2341 attenuantur.
892 2277 983 2334 Sic
1015 2284 1070 2331 et
1102 2271 1427 2346 episcopalis
1467 2268 1687 2324 vilescit
1731 2265 1990 2336 dignitas,
2023 2261 2068 2318 si

473 2364 978 2442 Archiepiscopalis
1009 2377 1120 2418 non
1145 2360 1438 2415 roboretur
1468 2355 1869 2428 prastabilitas.
1895 2355 1966 2409 Et
1989 2351 2069 2406 di-

471 2479 588 2518 cam
640 2459 844 2526 adhuc,
886 2452 1144 2520 Domine,
1199 2450 1378 2505 dicam
1415 2464 1426 2503 :
1462 2443 1858 2517 Nunquidnam
1902 2441 2070 2498 alicui

469 2547 1008 2621 archiepiscoporum
1039 2542 1144 2596 erit
1165 2537 1461 2594 dicendum
1485 2550 1600 2590 non
1626 2533 1808 2588 valere
1837 2531 1922 2587 sui
1953 2547 2071 2588 coe-

473 2619 683 2711 piscopi
711 2628 1344 2690 excommunicationem
1370 2627 1398 2681 ?
1428 2623 1584 2680 Unde
1614 2623 1776 2694 plura
1822 2619 2072 2692 superius

474 2709 741 2797 explicui,
763 2720 856 2778 sed
873 2736 1046 2775 unum
1065 2716 1342 2789 adjiciam.
1362 2711 1624 2785 Nunquid
1637 2727 1746 2766 non
1763 2709 2071 2780 coepiscopi

475 2811 727 2869 eumdem
747 2808 1007 2864 ordinant
1019 2805 1494 2874 archiepiscopum
1515 2802 1544 2857 ?
1559 2799 1819 2871 Nunquid
1835 2798 2071 2854 aliorum

476 2898 774 2955 verborum
807 2893 1122 2949 benedictio
1152 2889 1636 2961 archiepiscopalis
1666 2905 1828 2961 quam
1851 2887 2073 2959 episco-

475 2987 618 3061 palis
633 2981 984 3056 componitur
998 2981 1026 3036 ‘I
1038 2979 1302 3051 Nunquid
1315 2994 1427 3032 non
1442 2976 1846 3032 benedictionis
1859 2991 2074 3030 summa

2176 1830 2289 1870 non
2321 1792 2468 1868 enim
2517 1808 2576 1863 in
2619 1809 2919 1876 conspectu
2945 1799 3086 1856 tanti
3109 1795 3319 1870 judicis
3345 1794 3567 1850 mentiri
3602 1792 3799 1850 aude—

2176 1903 2336 1971 bunt,
2357 1908 2451 1957 aut
2473 1898 2678 1971 jactare
2711 1911 2831 1968 quae
2863 1907 2975 1948 non
3000 1889 3289 1956 fecerunt;
3313 1885 3410 1943 sed
3441 1885 3572 1958 quia
3587 1885 3797 1942 chari-

2175 1999 2340 2048 tatem
2373 2006 2484 2044 non
2512 1983 2827 2051 habuerint,
2862 1977 3160 2053 respondet
3185 1977 3447 2033 omnibus
3485 1975 3638 2032 illis:
3664 1977 3796 2033 Non

2176 2079 2298 2135 novi
2323 2095 2414 2132 vos
2443 2073 2660 2147 (Ibid).
2693 2069 2987 2139 Quomodo
3018 2075 3199 2123 autem
3219 2065 3386 2122 habet
3407 2064 3496 2119 vel
3525 2063 3792 2136 exiguam

2177 2169 2521 2234 charitatem,
2555 2163 2649 2237 qui
2692 2161 2858 2218 etiam
2885 2158 3175 2216 convictus
3201 2172 3315 2212 non
3344 2162 3492 2210 amat
3529 2154 3795 2210 charita—

2178 2268 2288 2316 tem
2310 2258 2338 2315 ‘2
2368 2283 2385 2305 ›
2431 2257 2501 2311 Et
2531 2255 2659 2310 item
2688 2271 2699 2308 :
2749 2277 2766 2299 ι
2795 2253 3025 2323 Oportet
3055 2248 3237 2320 itaque
3267 2244 3431 2302 nobis
3467 2247 3564 2318 qui
3591 2245 3797 2302 chari-

2178 2358 2346 2406 tatem
2377 2347 2646 2417 integram
2683 2341 2964 2399 custodire
2993 2339 3269 2410 cupimus,
3299 2342 3359 2390 ut
3388 2333 3492 2407 ipsi
3523 2333 3796 2391 charitati

2179 2455 2287 2513 quo
2318 2440 2463 2494 Deus
2491 2443 2571 2490 est
2591 2433 2649 2489 in
2677 2431 2837 2488 nobis
2865 2431 3077 2486 nullam
3103 2425 3365 2498 injuriam
3389 2424 3680 2494 faciamus,
3705 2426 3796 2482 ti-

2181 2534 2389 2583 mentes
2419 2523 2560 2580 illud
2591 2521 2738 2596 quod
2769 2521 3037 2593 scriptum
3069 2525 3169 2586 est,
3197 2516 3432 2588 Spiritus
3451 2521 3670 2570 sanctus
3695 2515 3795 2570 di—

2181 2616 2415 2687 sciplinae
2444 2612 2649 2684 effugiet
2677 2613 2854 2684 ﬁctum
2888 2613 3041 2683 (Sap.
3076 2611 3140 2681 ι).
3177 2636 3194 2657 ι
3235 2609 3306 2664 Et
3333 2610 3501 2664 item:
3551 2633 3568 2655 ι
3610 2608 3789 2676 Quam

2181 2720 2306 2763 cum
2339 2703 2540 2759 habere
2568 2701 2733 2756 homo
2762 2700 3010 2773 cmperit,
3040 2698 3312 2771 Spiritum
3343 2705 3600 2754 sanctum
3626 2695 3791 2753 habe-

2180 2799 2299 2854 bit:
2329 2813 2491 2870 quam
2524 2795 2571 2851 si
2600 2810 2710 2850 non
2740 2792 3014 2861 habuerit,
3043 2792 3162 2848 sine
3192 2790 3400 2863 Spiritu
3431 2798 3629 2846 sancto
3659 2791 3786 2846 erit.

2182 2887 2253 2940 Et
2301 2884 2578 2959 quomodo
2625 2899 2822 2956 corpus
2867 2890 3048 2947 tuum,
3081 2880 3200 2936 sine
3238 2879 3438 2951 spiritu
3470 2879 3695 2951 quidem
3738 2880 3786 2936 si

2182 2974 2370 3041 fuerit,
2388 2983 2667 3030 mortuum
2691 2977 2771 3028 est
2795 2988 2806 3026 :
2830 2969 2910 3026 sic
2937 2970 3120 3025 anima
3150 2976 3246 3024 tua
3275 2968 3395 3024 sine
3425 2967 3643 3039 Spiritu
3663 2984 3783 3023 san-

477 3055 732 3150 episcopo
748 3055 974 3128 munere
995 3070 1189 3127 divino
1212 3069 1447 3140 largitur
1466 3067 1494 3123 ?
1515 3068 1602 3123 An
1621 3067 1766 3122 valet
1785 3065 2072 3138 episcOpus
2101 3087 2145 3148 α
2181 3073 2288 3132 cto,
2331 3063 2387 3119 id
2417 3071 2498 3118 est
2528 3063 2646 3119 sine
2680 3060 2945 3118 charitate
2989 3057 3034 3114 si
3066 3057 3254 3126 fuerit,
3289 3064 3510 3112 mortua
3541 3055 3788 3130 deputa—

476 3166 544 3222 ab
573 3162 986 3236 archiepiscopo
1015 3159 1134 3216 solo
1162 3157 1429 3226 ordinari,
1458 3166 1522 3213 ut
1541 3156 1609 3212 ab
1640 3173 1705 3212 eo
1733 3156 1849 3211 solo
1870 3156 2067 3211 merito

476 3255 673 3313 debeat
701 3253 768 3308 de
808 3252 923 3308 suis
948 3249 1177 3321 judiciis
1199 3246 1489 3319 judicari?
1539 3245 1675 3301 Nam
1707 3244 2072 3317 Symmachus

478 3359 618 3416 papa
647 3348 880 3398 testatur
905 3339 1080 3411 (epist.
1114 3339 1140 3393 1
1175 3337 1246 3391 ad
1266 3335 1461 3408 Adon.)
1490 3353 1500 3391 :
1541 3359 1560 3382 ι
1581 3334 1666 3390 Ad
1684 3333 1969 3390 Trinitatis
1993 3334 2071 3389 in-

478 3441 610 3502 star,
641 3431 802 3504 cujus
830 3446 943 3486 una
971 3435 1053 3484 est
1081 3435 1243 3501 atque
1275 3425 1569 3482 individua
1595 3432 1848 3497 potestas,
1898 3439 2070 3480 unum

479 3540 595 3582 esse
623 3541 719 3597 per
748 3522 998 3578 diversos
1027 3520 1305 3576 antistites
1335 3515 1726 3584 sacerdotium,
1749 3541 1767 3563 ι
1811 3531 1911 3572 nec
1939 3532 2072 3571 san-

479 3615 624 3672 otius
649 3613 722 3667 in.
734 3611 909 3681 justo,
941 3623 1045 3663 nec
1075 3608 1260 3661 minus
1289 3607 1347 3660 in
1371 3613 1674 3677 peccatore.
1721 3603 1859 3660 Sane
1889 3612 2072 3660 tamen

482 3703 767 3776 provisum
799 3710 881 3755 est
909 3715 977 3753 ne
1013 3713 1204 3752 omnes
1233 3697 1422 3752 omnia
1450 3694 1556 3751 sibi
1586 3693 1966 3760 vindicarent;
2021 3703 2073 3749 et

481 3789 605 3845 ideo
633 3787 833 3842 adsunt
871 3785 928 3841 in
975 3785 1210 3855 singulis
1263 3782 1588 3854 provinciis,
1646 3796 1880 3851 quorum
1928 3779 2074 3836 inter

482 3879 678 3935 fratres
698 3874 965 3931 habeatur
988 3872 1168 3944 prima
1199 3877 1494 3936 sententia,
1528 3867 1728 3939 quibus
1759 3867 1804 3921 si
1832 3867 2072 3938 dignitas

481 3960 794 4020 communis
849 3975 960 4016 non
1013 3965 1114 4025 est,
1176 3956 1312 4012 ordo
1358 3963 1540 4010 tamen
1588 3952 1829 4025 ejusdem
1859 3958 2072 4026 generis

481 4060 564 4108 est
600 4070 611 4107 :
643 4049 791 4105 unde
818 4058 872 4105 et
903 4047 1175 4119 generalis
1223 4054 1323 4104 est.
1371 4049 1445 4102 At
1492 4065 1612 4117 vos,
1645 4049 1867 4107 domine
1896 4058 2067 4122 pater,

481 4147 667 4197 custos
693 4139 825 4194 estis
854 4135 1066 4211 positus
1087 4135 1145 4190 in
1162 4134 1362 4192 vineis.
1385 4135 1619 4192 Vineam
1643 4148 1876 4196 vestram
1899 4139 2070 4195 nolite

481 4245 594 4284 non
624 4227 927 4297 custodire,
961 4232 1268 4299 quaerentes
1301 4241 1420 4298 quae
1441 4233 1622 4281 vestra
1650 4235 1796 4296 sunt,
1831 4227 1924 4283 sed
1952 4244 2070 4300 quae

479 4318 932 4391 coepiscoporum
990 4324 1324 4384 vestrorum,
1356 4331 1628 4372 memores
1665 4318 1906 4388 optantis
1948 4317 2069 4373 ﬁeri

479 4409 767 4466 anathema
792 4425 890 4481 pro
925 4408 1157 4464 fratrum
1189 4409 1364 4463 salute
1396 4405 1571 4477 (Rom.
1596 4405 1702 4477 ix).
1736 4405 1848 4464 Cur
1876 4406 2065 4478 igitur,
2096 4446 2148 4506 Β

477 4514 603 4555 cum
633 4497 736 4553 sim
768 4497 955 4569 pulvis
981 4503 1036 4552 et
1065 4496 1228 4563 cinis,
1260 4494 1420 4552 vobis
1444 4496 1648 4568 templo
1677 4496 1776 4552 Dei
1807 4496 1923 4552 vivi
1954 4495 2071 4554 haec

477 4587 680 4643 mutire
709 4602 980 4657 praesumo
1002 4585 1030 4640 ?
1080 4585 1238 4641 Certe
1266 4601 1365 4658 pro
1394 4584 1578 4641 debita
1602 4585 1923 4654 devotione,
1956 4602 2068 4642 non

477 4693 576 4748 pro
606 4676 772 4746 digna
792 4675 861 4730 ad
884 4673 1320 4746 magnitudinem
1346 4684 1582 4731 vestram
1607 4675 1872 4743 dictione,
1903 4677 2069 4749 impe-

479 4765 618 4819 ritus
648 4762 898 4830 scientia,
932 4761 1026 4817 sed
1055 4763 1123 4816 de
1150 4762 1444 4818 inscientia
1483 4766 1744 4835 praefatus
1799 4765 2069 4821 melliﬂuo

476 4869 569 4910 ore
599 4867 686 4907 me
715 4850 991 4907 confortat
1019 4851 1364 4922 Augustinus
1385 4852 1480 4907 ubi
1501 4854 1579 4908 ait
1611 4857 1623 4910 :
1674 4879 1692 4903 ι
1713 4855 1768 4910 Si
1799 4871 1927 4926 ergo
1956 4870 2066 4910 non

474 4950 634 5001 vacat
663 4957 854 4998 omnes
883 4941 1106 5014 paginas
1133 4949 1346 4998 sanctas
1372 4944 1721 5015 perscrutari,
1755 4944 1941 5000 omnia
1970 4962 2063 5001 vo-

474 5033 689 5090 lumina
739 5046 1057 5088 sermonum
1105 5031 1381 5100 evolvere,
1436 5033 1621 5089 omnia
1657 5033 2060 5106 Scripturarum

473 5133 679 5182 secreta
706 5129 1010 5195 penetrare,
1040 5129 1166 5177 tene
1196 5121 1522 5178 charitatem
1553 5123 1648 5180 ubi
1673 5124 1915 5195 pendent
1946 5141 2060 5181 om-

472 5213 563 5269 nia
596 5231 606 5269 :
641 5213 720 5268 ita
756 5211 970 5268 tenebis
1007 5211 1154 5283 quod
1171 5210 1248 5266 ibi
1269 5211 1536 5270 didicisti.
1560 5238 1577 5261 »
1614 5214 1685 5269 Et
1718 5214 1850 5271 item
1875 5214 2058 5273 idem:

404 5347 418 5364 ,
483 5326 500 5348 ι
531 5301 783 5360 Charitas
811 5317 938 5373 ergo
965 5309 1046 5357 est
1075 5301 1362 5357 vinculum
1393 5303 1767 5374 perfectionis,
1823 5304 2064 5362 charitas

469 5389 1055 5462 supereminentiorem
1081 5389 1246 5446 habet
1271 5391 1438 5462 viam,
1471 5395 1842 5466 supereminet
1872 5395 2063 5452 scien-

471 5479 628 5547 tiam,
657 5488 709 5535 et
740 5497 903 5553 super
931 5481 1118 5537 omnia
1145 5489 1416 5554 praecepta
1438 5491 1540 5541 est.
1568 5508 1587 5532 ›
1622 5485 1845 5541 Etitem
1871 5503 1884 5543 :
1931 5510 1950 5536 ‹
1969 5487 2060 5542 Di-

472 5567 634 5623 lectio
668 5577 885 5625 sanctos
933 5571 1172 5629 discerni
1201 5587 1230 5626 a
1263 5573 1471 5632 mundo
1497 5573 1651 5643 facit,
1685 5582 1738 5631 et
1765 5575 2060 5633 unanimes

2178 3155 2346 3211 bitur.
2375 3179 2392 3202 ›
2419 3154 2490 3208 Et
2510 3153 2673 3208 item:
2722 3176 2740 3198 ι
2769 3150 2935 3208 Istius
2966 3165 3094 3221 ergo
3123 3147 3410 3204 charitatis
3432 3148 3788 3220 magnitudi-

2181 3259 2327 3310 nem,
2360 3242 2488 3314 quia
2512 3239 2778 3296 nimirum
2812 3238 3083 3296 divinitus
3117 3253 3212 3310 per
3231 3237 3499 3308 Spiritum
3531 3245 3785 3294 sanctum

2180 3331 2513 3390 dillunditur
2535 3331 2591 3386 in
2613 3329 2874 3387 cordibus
2893 3329 3116 3397 nostris,
3137 3330 3232 3400 qui
3254 3345 3378 3384 cum
3405 3336 3559 3401 patre
3580 3337 3783 3385 etcum

2183 3423 2280 3478 Dei
2313 3420 2590 3494 adjutorio
2621 3419 2861 3476 voluerit
2895 3418 3274 3484 habere,sicut
3297 3417 3408 3490 jam
3441 3417 3657 3474 dictum
3677 3426 3779 3486 est,

2183 3513 2399 3568 nullum
2417 3512 2474 3567 in
2497 3527 2560 3568 eo
2583 3511 2780 3567 vitium
2805 3509 3004 3582 poterit
3025 3509 3321 3564 dominari.
3343 3509 3414 3564 Et
3437 3524 3779 3577 revera,cum

2183 3603 2299 3674 ipsa
2335 3602 2574 3658 charitas
2627 3602 2772 3656 Deus
2824 3600 2898 3657 sit
2955 3598 3334 3671 (IJoan.1v),
3383 3598 3534 3671 quod
3574 3600 3777 3654 malum

2182 3694 2477 3764 praevalere
2508 3699 2700 3747 contra
2725 3689 3008 3746 hominem
3042 3689 3261 3762 poterit,
3300 3690 3357 3744 in
3393 3705 3505 3761 quo
3543 3689 3777 3745 charitas

2181 3787 2326 3841 Deus
2346 3783 2727 3840 habitaverit?
2746 3807 2765 3830 ι
2800 3783 2872 3837 Et
2894 3780 3054 3837 item:
3090 3806 3107 3827 ι
3126 3782 3245 3854 Ipsa
3269 3790 3350 3837 est
3370 3782 3554 3837 virtus
3574 3790 3775 3847 nostra,

2181 3875 2309 3947 quia
2336 3874 2382 3929 si
2415 3873 2472 3928 in
2502 3873 2598 3929 illa
2636 3889 2748 3928 non
2777 3871 3063 3941 fuerimus,
3087 3870 3230 3928 nihil
3263 3870 3487 3943 prodest
3509 3869 3775 3944 quidquid

2180 3962 2331 4018 aliud
2359 3961 2736 4018 habuerimus.
2760 3986 2777 4007 -
2820 3961 2891 4014 Et
2921 3960 3054 4015 item
3081 3978 3093 4015 :
3127 3983 3146 4007 ι
3165 3958 3513 4015 Excellentia
3544 3975 3776 4032 namque

2179 4049 2464 4107 charitatis
2512 4049 2590 4106 ita
2621 4059 2703 4106 est
2730 4066 2801 4105 ex
2828 4050 2963 4118 Deo,
3005 4055 3069 4104 ut
3099 4048 3216 4120 ipsa
3244 4049 3318 4103 sit
3346 4049 3514 4105 Deus.
3551 4049 3776 4105 Nullum

2180 4148 2261 4196 est
2291 4140 2396 4196 isto
2426 4139 2524 4195 Dei
2554 4138 2699 4194 dono
2728 4137 3108 4194 excellentius.
3132 4137 3322 4194 Solum
3351 4145 3434 4192 est
3453 4137 3604 4210 quod
3624 4136 3774 4192 divi-

2179 4228 2262 4285 dit
2309 4227 2452 4284 inter
2497 4226 2643 4282 ﬁlios
2689 4224 2842 4297 regni
2885 4225 3097 4293 aeterni,
3151 4233 3205 4281 et
3265 4223 3411 4279 ﬁlios
3449 4224 3777 4296 perditionis

2179 4326 2414 4374 aeternae.
2436 4318 2651 4373 Dantur
2669 4322 2722 4371 et
2743 4315 2851 4370 alia
2868 4331 2965 4387 per
2982 4314 3248 4388 Spiritum
3269 4329 3527 4382 munera;
3549 4313 3648 4371 sed
3661 4314 3776 4370 sine

2181 4406 2445 4463 charitate
2472 4421 2571 4477 pro
2603 4404 2782 4460 nihilo
2813 4411 2961 4460 sunt.
2996 4403 3112 4459 Nisi
3147 4419 3275 4475 ergo
3310 4412 3524 4460 tantum
3566 4404 3776 4476 imper-

2180 4497 2351 4553 tiatur
2383 4496 2581 4570 cuique
2601 4495 2840 4568 Spiritus
2860 4502 3102 4563 sanctus,
3133 4501 3194 4551 ut
3213 4511 3339 4551 eum
3369 4496 3467 4551 Dei
3491 4502 3547 4551 et
3576 4497 3774 4568 proxi—

2182 4586 2258 4642 mi
2288 4585 2454 4644 faciat
2479 4593 2800 4653 amatorem,
2824 4601 2855 4640 a
2875 4584 3099 4642 sinistra
3127 4601 3237 4641 non
3264 4586 3459 4641 transit
3483 4585 3554 4641 ad
3573 4585 3773 4641 dexte-

2179 4692 2427 4745 ram,nec
2447 4675 2684 4746 Spiritus
2705 4674 2924 4746 proprie
2944 4673 3150 4730 dicitur
3170 4672 3399 4741 donum,
3421 4674 3528 4730 nisi
3550 4681 3777 4746 propter

2181 4764 2559 4833 dilectionem,
2579 4781 2743 4838 quam
2773 4763 2867 4836 qui.
2900 4779 3013 4818 non
3042 4763 3315 4833 habuerit,
3351 4764 3397 4819 si
3426 4763 3633 4836 linguis
3663 4763 3775 4818 bo-

2178 4854 2392 4909 minum
2421 4853 2675 4927 loquatur
2703 4860 2753 4910 et
2784 4852 3123 4924 angelorum,
3157 4869 3325 4909 sonus
3354 4852 3639 4909 teramenti
3669 4860 3772 4920 est,

2177 4953 2230 5001 et
2260 4943 2576 5016 cymbalum
2608 4942 2877 4998 tinniens.
2898 4942 3017 4998 Etsi
3047 4942 3300 4998 habuerit
3327 4941 3697 5015 prophetiam,
3719 4951 3768 4996 et

2176 5033 2362 5092 scierit
2407 5033 2594 5088 omnia
2634 5040 2998 5102 sacramenta,
3033 5041 3087 5089 et
3123 5049 3345 5088 omnem
3388 5032 3677 5090 scientiam
3719 5041 3768 5087 et

2174 5123 2430 5181 habuerit
2483 5139 2699 5180 omnem
2731 5122 2917 5190 ﬁdem,
2976 5124 3054 5180 ita
3099 5131 3161 5180 ut
3210 5132 3424 5180 montes
3454 5123 3767 5191 transferat,

2175 5213 2508 5272 nihilest.Et
2527 5215 2574 5271 si
2594 5214 2942 5272 distribuerit
2962 5231 3178 5272 omnem
3203 5215 3566 5271 substantiam
3591 5230 3764 5280 suam,

2173 5313 2225 5362 et
2263 5305 2308 5361 si
2338 5303 2628 5364 tradiderit
2658 5319 2856 5377 corpus
2882 5319 3043 5360 suum
3076 5311 3138 5360 ut
3170 5303 3377 5372 ardeat,
3400 5302 3611 5359 nihilei
3634 5320 3767 5376 pro-

2172 5394 2292 5452 dest
2323 5395 2380 5468 (Ι
2408 5395 2533 5454 Cor.
2563 5395 2718 5468 xm).
2740 5393 3016 5464 Quantum
3039 5411 3168 5466 ergo
3196 5393 3404 5451 bonum
3425 5401 3506 5450 est
3523 5392 3641 5449 sine
3658 5408 3764 5466 quo

2169 5486 2239 5543 ad
2259 5493 2519 5544 aeternam
2536 5487 2708 5547 vitam
2721 5485 3000 5546 neminem
3020 5491 3173 5542 tanta
3192 5483 3336 5542 bona
3363 5482 3667 5556 perducunt
3684 5480 3712 5537 ?
3733 5507 3750 5530 ι

2169 5585 2223 5634 et
2251 5585 2464 5636 caetera.
