4056 6190
255 247 392 301 1069

1445 243 1808 300 ()PUSCULA
1845 245 1936 300 ET
1976 245 2359 300 EPISTOL/E.

3416 249 3554 305 1070

321 396 486 453 Multi
511 401 799 451 auctorum
816 409 884 448 ex
901 393 1002 450 hac
1035 393 1206 450 multa
1226 394 1550 466 loquuntur;
1573 394 1667 449 sed
1688 394 1847 450 istius
1879 397 1930 453 A
1961 410 2142 466 peram
2175 394 2315 462 dixi,
2350 396 2547 450 fortius
2578 397 2680 465 ﬁge
2719 397 2935 468 pedem:
2958 413 3067 451 non
3099 397 3240 452 mihi
3260 413 3374 454 esse
3392 395 3551 454 debet

249 485 419 542 unius
441 482 860 540 deﬂorationem
893 481 1031 536 mihi
1062 480 1280 538 odorari
1301 480 1712 554 suﬁ'ecit.Cujus
1730 491 1847 540 tan-

248 585 318 632 tae
349 572 651 648 probitatis
688 569 798 625 viri
820 571 1188 627 emolumenta
1231 587 1342 625 non
1381 571 1710 628 ostentando
1741 573 1847 628 ﬂa—

248 661 480 735 grantia:
509 667 708 717 vestrae
738 660 986 731 apposui,
1037 658 1131 715 sed
1173 659 1492 715 mediatoris
1524 661 1706 717 ofﬁcio
1744 677 1848 732 pa—

247 763 421 811 ternae
451 749 837 807 aﬂ‘ectiouisac
851 748 1038 805 ﬁlialis
1053 765 1205 822 aeque
1229 749 1542 805 devotionis
1557 748 1845 821 assumpsi.

247 841 408 898 Unde
438 847 492 896 et
522 837 767 910 ejusdem
784 837 956 894 verba
984 837 1051 895 ad
1068 847 1317 894 sanctum
1346 839 1559 910 prolata
1581 838 1846 908 Hierony-

253 947 430 998 mum,
455 946 575 1002 quae
603 943 702 984 vos
741 943 851 984 non
883 944 1134 1000 spernere
1173 926 1412 994 conﬁdo,
1445 943 1542 998 pro
1578 943 1663 982 me
1693 925 1851 982 vobis

246 1018 540 1076 suadentia
571 1032 737 1089 pono,
772 1015 1078 1088 inquientis
1110 1017 1282 1088 (epist.
1311 1016 1430 1086 73):
1480 1040 1496 1064 ι
1519 1016 1631 1072 Cur
1669 1015 1852 1087 itaque

248 1123 424 1164 conor
442 1115 635 1163 contra
656 1104 903 1160 ﬂuminis
923 1112 1180 1172 tractum,
1205 1121 1268 1160 ac
1289 1121 1400 1160 non
1426 1104 1610 1176 potius
1631 1103 1848 1158 veniam

247 1196 421 1270 peto?
460 1194 701 1250 Obsecro
740 1209 865 1265 ergo
899 1200 954 1248 te
984 1209 1080 1266 per
1114 1192 1590 1248 mansuetudinem
1621 1191 1847 1260 Christi,

250 1295 314 1344 ut
340 1287 386 1343 si
410 1287 527 1343 laesi
557 1293 632 1354 te,
667 1284 916 1341 dimittas
937 1283 1098 1352 mihi,
1121 1301 1222 1340 nec
1240 1300 1325 1340 me
1341 1283 1585 1340 vicissim
1603 1282 1850 1338 laedendo

251 1376 460 1432 malum
490 1391 593 1448 pro
624 1373 770 1429 malo
800 1372 1014 1430 reddas.
1051 1373 1238 1429 Laedes
1275 1380 1458 1428 autem
1493 1388 1599 1439 me,
1632 1371 1677 1427 si
1712 1370 1849 1426 mihi

253 1464 492 1522 tacueris
511 1479 758 1520 errorem
813 1479 1019 1531 meum,
1070 1477 1232 1534 quem
1291 1461 1430 1517 forte
1483 1462 1763 1516 inveneris
1794 1460 1849 1514 in

251 1554 415 1612 factis
446 1554 533 1610 vel
560 1553 727 1610 dictis
747 1551 905 1608 meis.
928 1551 1065 1606 Nam
1089 1551 1133 1606 si
1154 1567 1217 1606 ea
1239 1552 1295 1606 in
1322 1565 1407 1606 me
1436 1547 1852 1622 reprehenderis

249 1664 374 1721 qua
399 1643 855 1718 reprehendenda
883 1658 995 1697 non
1025 1648 1174 1710 sunt,
1209 1649 1261 1696 te
1302 1640 1456 1696 laedis
1487 1640 1658 1714 magis
1688 1657 1850 1713 quam

1958 481 2247 536 molestum
2271 481 2485 552 pondus
2501 484 2684 541 aetatis.
2710 491 2838 552 tuae,
2873 483 3174 539 dummodo
3194 493 3551 541 conterantur

1958 569 2123 640 paleae
2169 571 2343 642 culpre
2367 589 2520 629 mea).
2543 597 2559 619 -
2605 577 2667 628 Et
2698 574 2776 629 sic
2824 572 2978 628 addit
3010 572 3213 644 (ibid):
3272 598 3287 619 -
3320 573 3554 629 Proinde

1959 660 2054 715 lud
2071 660 2214 733 quod
2240 660 2294 715 in
2309 669 2557 716 extremo
2575 663 2818 734 epistolae
2843 671 2946 718 tuae
2965 662 3194 736 posuisti
3207 679 3349 730 ,cum
3369 664 3552 734 magni

1959 747 2216 804 desiderii
2234 748 2472 821 suspirio
2491 753 2578 806 vel
2599 753 2830 822 lego,vel
2849 752 3047 808 recolo.
3069 751 3312 818 Utinam,
3346 750 3553 823 inquis,

1962 853 2297 893 mereremur
2324 841 2646 911 complexus
2680 847 2824 906 tuos,
2857 847 2910 894 et
2937 841 3234 896 collatione
3257 847 3447 895 mutua
3468 839 3555 894 vel

1961 928 2281 984 doceremus
2309 929 2514 1002 aliqua,
2549 929 2634 985 vel
2663 929 3016 986 disceremus!
3050 931 3122 984 Et
3144 946 3240 1001 ego
3257 930 3382 986 dico
3407 949 3417 985 :
3442 929 3555 986 Uti-

1961 1033 2086 1072 nam
2119 1033 2326 1072 merear
2347 1017 2460 1088 jam
2484 1017 2707 1090 jamque
2738 1019 3082 1091 paternitatis
3112 1026 3310 1074 vestra:
3345 1026 3560 1090 optatos

1961 1107 2134 1177 magis
2153 1107 2266 1162 vita
2285 1109 2628 1178 complexus,
2653 1118 2706 1164 et
2727 1109 3024 1164 collatione
3046 1115 3241 1163 mutua
3261 1108 3556 1165 dulcedine

1963 1197 2308 1268 paternitatis
2340 1196 2587 1253 delibuta
2628 1196 2874 1270 perfrui!
2914 1198 2984 1250 Et
3028 1198 3242 1252 utinam
3292 1213 3503 1252 merear
3529 1213 3560 1252 a

1961 1287 2120 1342 vobis
2159 1288 2294 1343 mihi
2325 1288 3080 1360 expedibiliadiscere,quem
3100 1288 3214 1343 scio
3237 1304 3392 1358 posse
3417 1287 3556 1342 mihi

1963 1376 2150 1434 omnia
2176 1393 2404 1450 quaeque
2435 1378 2740 1434 necessaria
2776 1378 3033 1432 exerere!
3077 1377 3213 1431 Nam
3259 1377 3374 1432 scio
3405 1393 3561 1432 nun—

1963 1481 2127 1536 quam
2162 1483 2246 1521 me
2275 1467 2342 1522 ad
2371 1467 2836 1538 comparationem
2861 1465 3031 1521 vestri
3061 1464 3291 1521 scientia
3316 1465 3558 1536 Scriptu-

1964 1572 2146 1611 rarum
2173 1572 2327 1627 posse
2363 1555 2590 1624 erudiri,
2625 1555 2840 1611 etiamsi
2879 1571 3071 1610 omnes
3115 1554 3232 1610 dies
3262 1554 3390 1609 vitae
3422 1571 3558 1611 metr

1963 1644 2032 1699 ad
2098 1643 2202 1700 hoc
2275 1645 2521 1701 studium
2582 1653 2824 1702 vacasset
2903 1644 3118 1701 ascisci.
3205 1644 3555 1699 Unde

255 1751 376 1789 me:
413 1732 560 1804 quod
597 1731 739 1787 absit
765 1747 796 1786 a
825 1729 1072 1786 moribus
1103 1737 1156 1786 et
1204 1737 1391 1786 sancto
1424 1729 1705 1802 proposito
1736 1736 1851 1797 tuo,
1886 1749 1931 1809 Β
1964 1743 2208 1806 optarem
2251 1735 2438 1804 scribi,
2473 1751 2592 1807 qua:
2639 1735 2708 1790 ad
2763 1734 3050 1806 legendum
3088 1733 3268 1790 forent
3297 1735 3560 1806 parvitati

253 1830 316 1878 ut
347 1823 457 1879 hoc
492 1820 661 1877 facias
689 1820 974 1876 voluntate
1006 1817 1267 1886 laedendi,
1289 1819 1520 1891 culpans
1549 1817 1606 1873 in
1638 1835 1726 1876 me
1751 1819 1851 1872 ali-

253 1911 394 1986 quid
425 1911 589 1968 dente
619 1909 909 1978 maledico,
941 1907 1088 1982 quod
1125 1918 1307 1964 mente
1342 1907 1587 1964 veridica
1614 1907 1722 1964 scis
1745 1924 1855 1962 non

252 2020 370 2061 esse
398 2003 754 2076 culpandum.
786 2003 866 2058 Ac
896 2017 991 2073 per
1020 1999 1126 2056 hoc
1156 2008 1250 2055 aut
1277 1999 1546 2055 benevolo
1568 1999 1731 2054 corde
1760 2014 1857 2052 ar-

254 2111 410 2168 guas,
444 2091 658 2148 etiamsi
687 2098 834 2148 caret
880 2089 1084 2147 delicto
1115 2089 1261 2162 quod
1301 2087 1639 2160 arguendum
1670 2094 1851 2160 putas:

257 2192 356 2240 aut
389 2191 618 2256 paterno
639 2181 837 2237 aﬂ'ectu
866 2180 1109 2236 mulceas
1141 2194 1303 2250 quem
1338 2175 1574 2247 abjicere
1600 2191 1856 2247 nequeas.

256 2263 444 2329 Potest
470 2270 618 2326 enim
647 2268 765 2325 ﬁeri
805 2275 867 2324 ut
904 2267 1006 2324 tibi
1045 2266 1198 2323 aliud
1228 2264 1482 2322 videatur
1516 2281 1680 2337 quam
1702 2264 1859 2319 veri—

255 2370 340 2418 tas
379 2359 565 2428 habet,
605 2358 737 2415 dum
776 2366 962 2414 tamen
1000 2356 1096 2413 abs
1124 2364 1178 2412 te
1208 2354 1360 2411 aliud
1406 2370 1517 2410 non
1566 2353 1660 2408 ﬁat
1695 2369 1858 2425 quam

255 2455 502 2514 charitas
558 2452 742 2510 habet.
785 2453 921 2508 Nam
961 2458 1014 2508 et
1066 2467 1165 2522 ego
1221 2449 1610 2507 amicissimam
1668 2463 1861 2519 repre—

258 2545 585 2601 hensionem
616 2542 924 2615 gratissime
963 2540 1250 2612 accipiam,
1285 2537 1499 2596 etiamsi
1536 2535 1860 2610 reprehendi

259 2651 373 2691 non
406 2633 612 2689 meruit
650 2631 798 2706 quod
836 2641 982 2688 recte
1028 2630 1250 2687 defendi
1293 2637 1506 2702 potest;
1550 2637 1643 2684 aut
1681 2644 1860 2699 agno-

258 2741 410 2782 scam
467 2723 634 2780 simul
694 2729 749 2780 et
812 2719 1258 2778 benevolentiam
1307 2728 1456 2775 tuam
1521 2726 1575 2777 et
1644 2719 1861 2789 culpam

259 2830 458 2879 meam,
492 2822 546 2869 et
568 2818 833 2886 quantum
865 2810 1135 2866 Dominus
1165 2807 1352 2876 donat,
1401 2808 1458 2863 in
1506 2806 1615 2862 alio
1656 2813 1858 2878 gratus,

259 2904 319 2959 in
350 2903 460 2958 alio
490 2901 812 2958 emendatus
853 2899 1125 2956 inveniar.
1149 2898 1294 2966 Quid
1321 2913 1470 2968 ergo,
1503 2897 1734 2951 fortasse
1764 2893 1862 2948 du-

259 3009 344 3062 ra,
401 2992 494 3049 sed
524 3001 671 3049 certe
703 2991 945 3048 salubria
983 2990 1149 3047 verba
1197 2997 1311 3054 tua,
1351 2995 1612 3059 tanquam
1669 2993 1865 3041 caestus

259 3081 491 3150 Entelli,
516 3081 930 3155 pertimescam?
962 3078 1286 3138 Caedebatur
1306 3077 1438 3168 ille,
1485 3092 1597 3168 non
1627 3075 1864 3132 curaba-
1901 3109 1943 3168 Ο

259 3179 389 3227 tur:
415 3179 468 3226 et
499 3169 622 3226 ideo
653 3169 1002 3234 vincebatur,
1031 3184 1143 3224 non
1173 3166 1485 3224 sanabatur.
1510 3165 1626 3236 Ego
1655 3171 1858 3231 autem,

259 3261 307 3318 si
333 3261 718 3318 medicinalem
750 3259 1154 3334 correptionem
1190 3268 1339 3316 tuam
1381 3255 1715 3328 tranquillus
1761 3271 1862 3310 ac-

262 3368 484 3425 cepero,
505 3369 617 3408 non
637 3351 854 3409 dolebo.
885 3351 1136 3407 Siaute‘m
1170 3347 1466 3404 inﬁrmitas
1492 3347 1645 3401 velut
1673 3344 1863 3400 huma-

265 3459 360 3510 na,
393 3443 480 3498 vel
513 3458 651 3510 mea,
666 3441 833 3498 etiam
860 3457 988 3497 cum
1019 3438 1284 3494 veraciter
1305 3452 1521 3508 arguor,
1547 3451 1657 3489 non
1688 3441 1866 3506 potest

262 3531 376 3588 nisi
416 3531 826 3604 aliquantulum
865 3525 1202 3593 contristari,
1235 3525 1433 3580 melius
1467 3532 1651 3579 tumor
1670 3523 1866 3595 capitis

259 3619 415 3678 dolet
446 3619 579 3676 dum
612 3623 859 3681 curatur,
891 3631 1055 3688 quam
1086 3614 1216 3669 dum
1240 3612 1288 3668 ei
1313 3612 1576 3686 parcitur,
1595 3627 1696 3668 nec
1714 3627 1864 3667 sana-

261 3719 375 3767 tur.
397 3710 514 3764 Hoc
528 3713 609 3761 est
626 3705 773 3761 enim
795 3703 940 3777 quod
963 3711 1118 3760 acute
1139 3702 1282 3758 vidit
1299 3701 1391 3774 qui
1415 3701 1581 3770 dixit,
1607 3699 1866 3756 Utiliores

257 3815 383 3857 esse
414 3799 737 3870 plerumque
788 3795 1042 3850 inimicos
1093 3791 1396 3865 jurgantes,
1439 3808 1603 3865 quam
1660 3793 1866 3847 amicos

257 3887 555 3960 objurgare
573 3884 1000 3943 metuentes.llli
1026 3884 1197 3953 enim,
1214 3883 1345 3939 dum
1372 3882 1650 3951 rixantur,
1674 3881 1870 3937 dicunt

260 3977 564 4050 aliquando
596 3992 726 4032 vera
753 3992 873 4048 quae
889 3975 1244 4046 corrigamus:
1278 3973 1369 4028 isti
1391 3979 1573 4026 autem
1597 3972 1866 4026 minorem

262 4081 430 4138 quam
451 4071 667 4136 oportet
688 4061 1194 4134 exhibentjustitize
1217 4060 1548 4126 libertatem,
1581 4058 1713 4114 dum
1734 4060 1868 4114 ami-

263 4153 415 4210 citia:
464 4153 665 4208 timent
713 4157 1034 4224 exasperare
1090 4148 1464 4208 dulcedinem.
1524 4147 1869 4220 Quapropter

263 4242 371 4298 etsi
401 4243 521 4313 bos,
552 4251 614 4299 ut
643 4243 747 4299 tibi
769 4242 996 4311 videris,
1031 4244 1205 4299 lassus
1246 4248 1526 4298 senectute
1557 4239 1700 4295 forte
1737 4257 1869 4296 cor-

266 4335 441 4408 poris,
473 4351 584 4390 non
632 4335 818 4406 vigore
849 4333 1020 4390 animi
1074 4340 1277 4400 tamen,
1332 4331 1391 4386 in
1437 4346 1562 4386 area
1591 4331 1869 4388 dominica

268 4429 557 4484 fructuoso
588 4426 772 4482 labore
809 4424 1108 4492 desudans;
1155 4441 1276 4482 ecce
1314 4440 1456 4493 sum,
1491 4423 1535 4480 si
1564 4423 1698 4497 quid
1737 4439 1868 4496 per-

266 4559 2384 4575 ΗΜ

1967 1840 2099 1879 meae
2129 1823 2308 1892 utilia,
2335 1824 2401 1880 ad
2429 1823 2778 1880 recolendum
2811 1823 3214 1892 desiderabilia,
3247 1832 3300 1879 et
3331 1825 3454 1880 aliis
3494 1824 3562 1880 ad

1966 1911 2480 1981 demonstrandum,
2515 1921 2577 1968 ut
2616 1921 2853 1968 vestram
2885 1913 3040 1970 decet
3079 1913 3422 1984 gravitatem,
3449 1914 3562 1969 lau-

1967 2001 2207 2057 dabilia:
2247 2003 2376 2074 quia
2407 2004 2602 2058 melius
2631 2011 2712 2059 est
2735 2003 2939 2059 bonum
2967 2021 3190 2071 nomen,
3226 2021 3388 2076 quam
3419 2003 3560 2058 divi-

1967 2089 2058 2146 tias
2094 2091 2301 2157 multae,
2332 2108 2400 2146 ne
2421 2091 2488 2147 de
2523 2099 2702 2147 vestra
2730 2092 3110 2164 magnitudine
3148 2109 3211 2148 ac
3250 2091 3565 2149 modicitate

1971 2197 2089 2236 mea
2115 2181 2182 2235 ab
2229 2182 2414 2255 aliquo
2462 2183 2518 2237 in
2559 2183 2906 2255 postmodum
2939 2183 3290 2240 scriberetur.
3334 2209 3350 2229 ι
3409 2182 3562 2252 Quod

1970 2270 2070 2325 iste
2100 2278 2321 2325 sanctus
2351 2271 2620 2326 mediator
2649 2273 2990 2342 Augustinus
3025 2273 3082 2327 in
3105 2273 3292 2327 eadem
3314 2273 3393 2328 sic
3423 2272 3566 2328 scri-

1967 2358 2051 2414 bit
2080 2359 2312 2430 epistola
2341 2376 2354 2414 :
2400 2383 2418 2405 ι
2447 2358 2582 2425 Quis
2608 2359 2846 2433 denique
2862 2362 3072 2417 amicus
3094 2377 3204 2416 non
3235 2361 3566 2416 formidetur

1970 2446 2124 2516 quasi
2166 2446 2385 2502 futurus
2413 2446 2697 2517 inimicus,
2718 2447 2762 2503 si
2786 2449 2965 2520 potuit
2986 2448 3132 2504 inter
3162 2449 3562 2520 Hieronymum

1971 2545 2023 2591 et
2053 2535 2311 2593 Ruﬁnum
2349 2536 2454 2593 hoc
2493 2538 2638 2609 quod
2661 2538 2971 2610 plangimus
3004 2536 3252 2600 exoriri?
3283 2538 3326 2593 Ο
3368 2537 3564 2594 misera

1973 2634 2025 2681 et
2048 2624 2358 2681 miseranda
2377 2625 2624 2682 conditio
2647 2628 2658 2682 l
2692 2629 2736 2682 Ο
2756 2626 2925 2682 inﬁda
2946 2626 3006 2682 in
3028 2627 3407 2682 voluntatibus
3428 2627 3562 2682 ami-

1971 2721 2162 2772 corum
2189 2715 2418 2772 scientia
2444 2717 2816 2788 praesentium,
2840 2717 2936 2772 ubi
2955 2718 3105 2772 nulla
3119 2725 3199 2772 est
3217 2716 3563 2789 praescientia

1974 2805 2286 2862 futurorum
2311 2807 2322 2860 l
2357 2805 2461 2862 Sed
2482 2806 2614 2879 quid
2637 2805 2742 2863 hoc
2769 2807 2930 2862 alteri
2952 2806 3019 2863 de
3035 2807 3206 2862 altero
3233 2807 3562 2878 gemendum

1974 2903 2180 2966 putem,
2215 2894 2434 2966 quando
2456 2895 2569 2966 ipse
2599 2895 2821 2968 quidem
2848 2895 2952 2950 sibi
2981 2895 3145 2950 homo
3167 2902 3248 2950 est
3269 2895 3488 2967 ignotus
3511 2896 3570 2951 in

1974 2990 2250 3054 posterum
2274 2982 2301 3038 i’
2338 2983 2506 3038 Novit
2543 2983 2690 3038 enim
2734 2992 3013 3057 utcunque
3053 2984 3211 3052 forte,
3274 3000 3423 3041 nunc
3472 2983 3569 3040 vix

1975 3072 2153 3144 qualis
2183 3072 2484 3145 sit;qualis
2504 3080 2685 3128 autem
2704 3082 2890 3145 postea
2908 3074 3126 3128 futurus
3160 3074 3232 3128 sit
3263 3072 3498 3144 ignorat.
3535 3101 3552 3123 ι

1973 3164 2044 3218 Et
2075 3163 2308 3236 quodin
2347 3163 2456 3218 ﬁne
2495 3162 2737 3234 ejusdem
2767 3165 2925 3235 ponit
2968 3163 3045 3217 ita
3073 3163 3344 3233 epistolae:
3393 3188 3410 3209 ι
3451 3163 3569 3220 Ve—

1974 3261 2283 3307 rumtamen
2314 3252 2471 3306 illum
2521 3251 2806 3306 habuerim
2851 3250 3037 3323 aliquo
3078 3251 3240 3307 modo
3288 3251 3567 3309 mitiorem

1975 3359 2137 3415 quam
2169 3350 2220 3397 te
2275 3341 2381 3397 isto
2431 3340 2594 3396 modo
2640 3342 3012 3398 armatiorem.
3057 3366 3074 3389 ι
3133 3341 3329 3397 Vestra
3358 3350 3570 3399 armata

1973 3432 2232 3504 dignetur
2261 3431 2450 3487 audire
2511 3432 2827 3503 paternitas,
2885 3432 3013 3504 quia
3073 3448 3191 3488 mea
3247 3434 3399 3489 mitis
3439 3435 3569 3490 huic

1975 3528 2250 3592 praecepto
2308 3527 2494 3592 parere
2521 3528 2708 3592 parata
2757 3528 2839 3576 est
2893 3521 3154 3593 parvitas,
3197 3539 3265 3577 ne
3294 3523 3389 3578 ﬁat
3420 3525 3565 3595 quod

1974 3609 2127 3664 addit
2147 3609 2227 3665 sic
2251 3627 2263 3665 :
2310 3634 2327 3656 ε
2361 3610 2474 3665 Hoc
2503 3626 2758 3682 magnum
2785 3619 2838 3665 et
2859 3610 3013 3665 triste
3033 3610 3359 3666 miraculum
3382 3619 3481 3680 est,
3501 3628 3567 3667 ex

1975 3705 2238 3761 amicitiis
2267 3705 2471 3762 talibus
2497 3705 2564 3761 ad
2595 3707 2691 3761 has
2721 3706 3042 3761 inimicitias
3072 3707 3416 3778 pervenisse;
3448 3732 3466 3756 ι
3499 3738 3569 3749 -

1977 3789 2069 3852 sed
2128 3797 2311 3868 potius
2357 3805 2725 3869 prosequatur
2795 3798 3048 3868 protinus
3103 3799 3250 3870 quod
3327 3799 3564 3871 proruit:

1992 3910 2008 3932 ι
2050 3886 2260 3942 Laetum
2287 3887 2393 3941 erit
2423 3895 2475 3943 et
2512 3887 2684 3942 multo
2725 3885 2900 3958 majus
2929 3903 2998 3942 ex
3035 3887 3346 3944 inimicitiis
3373 3890 3572 3945 talibus

1977 3975 2044 4031 ad
2079 3977 2370 4048 pristinam
2417 3975 2769 4033 concordiam
2808 3977 3115 4034 revertisse.
3162 4002 3180 4025 ιι
3241 3978 3398 4045 Quod
3428 3995 3570 4035 con-

1978 4065 2137 4120 tinuo
2164 4075 2549 4138 consequetur,
2595 4067 2640 4121 si
2684 4065 2913 4123 scientia
2949 4067 3254 4140 surripiens
3294 4075 3486 4136 cesset,
3519 4075 3572 4124 et

1978 4154 2215 4211 charitas
2245 4154 2511 4209 cohibens
2560 4171 2670 4209 non
2719 4165 2911 4211 cesset.
2963 4156 3049 4210 Ad
3098 4157 3245 4227 quod
3299 4159 3571 4214 Dominus

1977 4242 2178 4314 dirigat
2217 4242 2379 4298 corda
2430 4250 2616 4297 nostra
2663 4242 2721 4296 in
2759 4243 3023 4297 charitate
3067 4244 3186 4310 Dei,
3237 4253 3291 4298 et
3349 4247 3571 4316 patien-

1979 4332 2055 4387 tia
2081 4331 2306 4400 Christi,
2336 4339 2390 4387 et
2428 4334 2572 4388 Deus
2601 4330 2748 4403 pacis
2787 4338 2840 4385 et
2857 4329 3191 4395 dilectionis,
3219 4330 3314 4402 qui
3335 4340 3418 4387 est
3441 4333 3570 4387 Tri-

1979 4424 2122 4480 nitas
2156 4431 2209 4478 et
2238 4422 2440 4493 unitas,
2471 4423 2544 4478 sit
2572 4437 2782 4492 semper
2809 4420 3112 4477 vobiscum.

2420 4559 3167 4570 -..η-Μ..ᾓῄ

3173 4556 3571 4569 m

1849 4659 1998 4724 IX.

1259 4791 1640 4855 EPISTOLA
1683 4792 2036 4856 EJUSDEM
2079 4796 2179 4855 AD
2227 4791 2580 4857 EUMDEM.

931 4931 1006 4990 De
1034 4949 1284 4990 consensu
1312 4933 1370 4988 in
1396 4931 1982 4990 excommunicationem
2011 4934 2076 4990 ab
2103 4951 2158 4990 eo
2189 4934 2382 5005 factam
2408 4951 2561 5006 quem
2593 4934 2914 5007 requirebat.

342 5137 664 5198 Venerabili
695 5136 1030 5194 Rhemorum
1079 5133 1492 5206 archiepiscopo
1544 5135 1859 5208 HINCMARO,
1894 5143 1942 5203 D
1977 5157 2096 5214 quae
2128 5142 2436 5199 tantillitati
2484 5160 2615 5200 meae
2672 5144 2848 5200 videri
2897 5141 3097 5198 rationi
3154 5157 3218 5197 ac
3254 5139 3568 5196 auctoritati

265 5231 654 5304 episcoporum
687 5229 955 5285 minimus
1001 5227 1378 5284 Laudunensis
1407 5227 1668 5284 Ecclesia:
1706 5229 1867 5286 Hma-

266 5340 454 5380 anus
484 5323 676 5380 salutis
698 5320 1041 5381 Christicolae
1072 5319 1524 5378 muniﬁcentiam.

340 5412 483 5480 Quia
512 5411 649 5468 adeo
679 5410 890 5468 litteras
920 5409 1028 5464 mei
1066 5424 1364 5466 consensus
1395 5407 1451 5462 in
1488 5409 1868 5465 excommuni-

265 5502 486 5559 catioue
513 5518 545 5557 a
598 5499 758 5558 vobis
797 5501 941 5558 facta
985 5499 1286 5572 requiritis,
1318 5497 1633 5554 remandate
1668 5498 1868 5557 litteris

268 5591 410 5649 mihi
441 5606 659 5664 quoque
697 5589 916 5657 vestris,
942 5587 989 5645 si
1010 5587 1146 5646 eain
1158 5585 1347 5646 eadem
1359 5585 1652 5647 addidistis
1679 5589 1867 5659 etiam,

1980 5248 2277 5304 congruere
2307 5251 2400 5305 per
2431 5233 2766 5300 Heddonem,
2815 5233 3104 5304 parvitatis
3143 5246 3278 5286 meae
3310 5222 3569 5301 legatum,

1981 5338 2043 5378 ac
2071 5322 2513 5379 comministrum
2550 5323 2710 5393 mihi“,
2743 5322 3002 5378 Ecclesiae
3026 5320 3329 5395 quinetiam
3359 5319 3449 5375 cui
3492 5320 3570 5374 in-

1981 5411 2180 5483 dignus
2211 5412 2473 5484 praesideo
2515 5412 2888 5484 praepositum,
2924 5427 3033 5466 non
3087 5409 3152 5466 ab
3184 5426 3239 5464 re
3289 5416 3350 5464 ut
3382 5408 3572 5482 utique

1983 5517 2124 5571 reor,
2180 5500 2340 5558 vobis
2369 5499 2644 5556 intimavi.
2686 5501 2757 5555 Et
2787 5499 3040 5572 equidem
3081 5499 3192 5571 ipse
3232 5496 3457 5553 demum
3504 5496 3571 5551 de

1982 5607 2105 5650 meo
2134 5607 2421 5653 consensu.
2463 5597 2626 5661 prout
2667 5605 2751 5647 res
2802 5589 3066 5661 deposcit,
3097 5596 3293 5661 coopto
3328 5597 3571 5660 tempore
