4078 6182
504 242 636 301 1071

1052 236 1394 297 HINCMARI
1434 235 1918 295 LAUDUNENSIS
1958 234 2271 294 EPISCOPI
2310 232 2672 293 OPUSCULA
2714 232 2802 289 ET
2841 228 3224 287 EPISTOLAE.

3658 228 3674 284 l
3684 230 3780 298 Q72!

498 403 770 467 suscepto,
804 392 951 467 quod
982 391 1133 449 omni
1172 390 1273 448 sub
1315 390 1428 447 sole
1467 389 1675 461 adjacet
1726 388 1804 445 rei
1856 390 2084 460 locoque
2114 391 2163 449 A
2202 396 2319 443 tum
2349 394 2465 443 tum
2497 385 2793 442 accuratim
2827 380 3153 457 procurabo.
3190 379 3454 451 Alioquin
3477 378 3799 436 reminiscor

496 492 784 559 prospecto
814 482 1183 539 nihilominus
1198 479 1522 552 regulariter
1547 495 1808 549 congruo,
1839 478 2090 535 funditus

496 582 550 631 et
578 575 890 646 despective
945 589 1056 628 non
1115 569 1471 627 detrectative
1511 568 1842 625 tractandam
1874 577 2092 640 pertra-

494 671 669 732 ctans,
708 662 907 720 litteris
953 662 1117 718 dante
1165 661 1278 716 Deo
1306 660 1586 717 canonicis
1617 658 1965 715 rescribendo
1996 674 2095 713 re-

494 753 785 826 spondere,
816 762 947 810 voto
976 760 1227 824 compote
1260 758 1314 807 et
1350 751 1465 806 vita
1514 750 1734 819 comite,
1777 766 1903 807 cum
1933 757 2097 807 actu-

2076 1084 2186 1148 Χ.

2203 486 2256 535 et
2277 479 2335 535 in
2363 479 2466 535 hoc
2487 478 2704 550 negotio
2737 476 2889 532 illius
2919 473 3201 547 sapientis,
3235 470 3395 544 cujus
3426 470 3619 527 crebro
3640 472 3809 543 agitis

2206 568 2543 624 mentionem
2572 568 2842 625 dicentis:
2883 565 2987 634 Qui
3015 562 3176 636 jubet
3200 561 3569 635 impossibile,
3604 560 3721 635 ipse
3746 579 3803 619 se

2206 658 2337 714 facit
2364 657 2860 730 contemptibilem.

1289 1236 1791 1299 RECLAMATIO
1834 1235 1932 1295 ET
1977 1232 2536 1296 PROCLAMATIO
2582 1233 2992 1299 HINCMARI.

1476 1392 1578 1461 Qui
1607 1391 1870 1465 quondam
1895 1397 2129 1464 praeerat
2162 1388 2401 1447 Ecclesia:
2433 1388 2793 1447 Laudunensi.

559 1662 795 1722 Domine
820 1666 873 1717 et
902 1672 1114 1717 summe
1138 1656 1290 1732 pater
1309 1665 1549 1732 patrum,
1579 1663 1630 1714 et
1660 1664 1838 1715 rector
1866 1656 2087 1729 pontiﬁ-
2120 1660 2168 1719 A
2198 1655 2285 1713 cio
2322 1653 2468 1728 quod
2488 1654 2554 1710 ab
2578 1654 2695 1726 ipso
2725 1651 2967 1725 patiebar
2995 1652 3429 1725 archiepiscopo.
3463 1653 3591 1726 Legi
3627 1673 3806 1713 mam.

488 1770 636 1820 cum,
666 1752 900 1807 Joannes
928 1749 1153 1804 nomine
1169 1754 1223 1802 et
1256 1745 1469 1802 meritis
1501 1755 1714 1816 vocate,
1746 1745 1875 1800 audi
1902 1763 2092 1801 vocem

487 1835 938 1914 proclamationis
970 1854 1123 1903 meae,
1147 1842 1199 1891 et
1229 1834 1427 1891 exaudi
1460 1851 1650 1891 vocem
1690 1833 2093 1906 deprecationis

488 1945 644 1997 meae,
678 1942 993 1999 compassus
1022 1939 1197 1981 causa;
1228 1923 1558 1980 calamitatis
1581 1939 1732 1978 meae.
1766 1923 1814 1977 A
1845 1921 2093 1978 Ithemo-

486 2033 610 2073 rum
644 2014 1057 2085 archiepiscopo
1079 2013 1146 2069 ad
1175 2012 1449 2085 synodum
1479 2028 1599 2067 sum
1631 2018 1857 2066 vocatus
1885 2013 1953 2068 ad
1983 2016 2090 2068 Du-

486 2104 699 2161 ziacum
733 2103 948 2168 villam,
998 2117 1161 2173 quam
1214 2098 1507 2157 constituit
1545 2100 1886 2156 hebdomada
1916 2102 2091 2173 prima

488 2192 692 2252 mensis
721 2190 976 2264 Augusti,
997 2200 1051 2248 et
1074 2192 1291 2247 monuit
1323 2206 1407 2246 me
1438 2190 1504 2246 de
1533 2190 1696 2247 certis
1717 2192 1896 2248 causis
1926 2209 2090 2264 para-

485 2289 606 2341 tum
641 2300 755 2341 esse
800 2280 1009 2338 ibidem
1053 2287 1116 2336 ut
1166 2279 1572 2353 responderem.
1617 2280 1704 2337 Ad
1751 2298 1916 2355 quam
1963 2300 2089 2340 cum

487 2374 852 2442 festinassem,
879 2370 1151 2428 violentia
1178 2369 1370 2427 hostili
1401 2371 1459 2426 in
1496 2370 1678 2426 medio
1700 2371 1896 2428 itinere
1916 2389 2087 2444 segre-

486 2474 640 2538 gatus
668 2480 790 2521 sum
815 2462 883 2518 ab
903 2461 1102 2518 ovibus
1130 2460 1288 2529 meis,
1312 2461 1560 2533 privatus
1586 2477 1708 2517 sum
1738 2469 1791 2518 et
1824 2462 2089 2534 spoliatus

485 2555 743 2612 omnibus
775 2553 938 2610 rebus
954 2552 1110 2618 meis,
1131 2552 1429 2623 perductus
1453 2569 1571 2608 sum
1601 2552 1668 2607 ab
1689 2551 1894 2608 eisdem
1921 2551 2087 2607 hosti-

484 2644 587 2699 bus
615 2658 787 2714 usque
816 2641 883 2697 ad
906 2642 1184 2714 praefatam
1208 2641 1420 2697 villam.
1455 2643 1516 2697 In
1539 2658 1644 2714 qua
1671 2658 1795 2698 cum
1828 2641 2087 2697 consiste-

486 2749 623 2803 rem,
640 2732 751 2804 jam
784 2732 963 2788 stabat
984 2749 1082 2788 rex
1112 2732 1340 2789 Carolus
1369 2740 1496 2789 ante
1522 2734 1701 2806 ipsum
1725 2730 2086 2805 archiepisco-

484 2838 617 2896 pum
661 2839 866 2891 meum,
919 2830 1111 2878 tenens
1159 2823 1217 2878 in
1249 2839 1413 2877 manu
1444 2823 1795 2895 scripturam,
1829 2829 2087 2894 reputans

482 2930 570 2969 me
598 2928 712 2969 esse
735 2911 1035 2985 perjurum,
1086 2911 1215 2982 quia
1265 2912 1492 2968 Romam
1531 2912 1648 2967 sine
1677 2930 1774 2967 sua
1805 2914 2086 2968 voluntate

2202 1743 2305 1799 bus
2326 1751 2517 1799 tenens
2546 1740 2895 1797 auctoritates
2935 1740 3067 1796 Julii
3110 1758 3280 1813 papae,
3316 1748 3368 1796 et
3400 1741 3600 1798 Felicis
3628 1760 3805 1817 papae,

2203 1832 2462 1889 videlicet
2491 1848 2553 1888 ea
2582 1848 2701 1904 qum
2732 1830 2835 1903 ipsi
2864 1830 2922 1886 in
2953 1829 3030 1887 eis
3062 1830 3435 1902 praeﬁguntde
3465 1834 3810 1905 appellatio-

2202 1922 2363 1979 nibus
2409 1922 2823 1994 episcoporum:
2867 1938 2986 1994 quas
3049 1921 3185 1976 mihi
3217 1921 3424 1977 servari
3475 1924 3808 1995 appellando

2200 2012 2382 2068 sedem
2437 2010 2793 2082 apostolicam
2852 2016 3123 2081 prostrato
3152 2025 3379 2082 corpore
3435 2010 3666 2082 expetii,
3701 2012 3797 2067 sed

2201 2105 2341 2161 nihil
2367 2103 2566 2159 horum
2600 2119 2717 2158 mea
2746 2102 2943 2174 petitio
2968 2101 3230 2158 obtinuit.
3263 2102 3369 2157 Sed
3402 2118 3577 2176 neque
3606 2104 3804 2161 litterae

2201 2193 2532 2268 apostolicae,
2575 2208 2707 2265 quas
2740 2192 2877 2247 mihi
2924 2193 3349 2265 praesentialiter
3377 2192 3623 2261 dederat,
3655 2211 3807 2269 quo-

2200 2285 2349 2340 niam
2378 2300 2464 2339 me
2484 2282 2774 2350 vocabant,
2831 2288 2892 2338 ut
2940 2281 3397 2355 procrastinando
3446 2283 3638 2340 venire
3688 2302 3805 2341 non

2198 2373 2495 2441 dill'errem,
2526 2372 2571 2428 si
2602 2379 2777 2428 status
2797 2373 2904 2428 mei
2928 2370 3201 2445 jacturam
3224 2372 3497 2430 sustinere
3526 2391 3639 2431 non
3677 2375 3808 2433 vel-

2201 2462 2327 2531 lem,
2346 2463 2646 2536 quidquam
2670 2461 3096 2533 praevaluerunt.
3126 2462 3407 2519 Judicium
3441 2465 3700 2538 praefatus
3723 2481 3803 2521 ar.

2199 2550 2579 2623 cbiepiscopus
2629 2564 2792 2623 super
2836 2567 2921 2606 me
2966 2551 3252 2624 imposuit,
3303 2559 3364 2607 ut
3406 2552 3474 2609 ab
3506 2553 3804 2627 episcopali

2199 2641 2565 2696 removendus
2612 2656 2781 2695 essem
2830 2640 3034 2697 ofﬁcio.
3077 2640 3183 2697 Sed
3236 2641 3333 2697 alii
3376 2643 3665 2714 gemebant
3692 2645 3805 2699 ﬂ:-

2196 2731 2456 2805 bantque,
2480 2731 2624 2787 inter
2651 2748 2787 2804 quos
2818 2733 3034 2787 nullum
3057 2733 3305 2788 merebar
3341 2732 3449 2804 pati
3486 2733 3801 2789 inimicum.

2199 2828 2413 2899 Scripta
2451 2826 2672 2899 quidem
2705 2826 2772 2881 ab
2798 2826 2987 2882 eodem
3011 2825 3423 2899 archiepiscopo
3455 2826 3589 2899 ipsis
3620 2828 3802 2899 impo-

2196 2916 2301 2971 sita
2350 2915 2603 2972 manibus
2657 2924 2924 2985 tenentes,
2979 2914 3073 2972 sed
3119 2932 3211 2971 ore
3252 2916 3496 2988 proferre
3527 2918 3800 2989 nolentes,

482 3002 750 3074 miserim,
800 3013 853 3062 et
884 3003 1165 3076 imputans
1214 3002 1363 3076 quod
1410 3019 1536 3058 eum
1568 3002 1964 3059 accusaverim.
1998 3002 2084 3059 Ad
2122 3033 2164 3092 Β
2195 3006 2359 3062 inviti
2390 3009 2487 3063 vix
2534 3007 2702 3063 verba
2744 3005 3161 3079 singultiebant,
3220 3005 3432 3063 aditum
3488 3014 3675 3063 tamen
3732 3008 3802 3065 ad

480 3113 599 3170 quae
630 3092 773 3151 idem
795 3094 1235 3166 archiepiscopus
1286 3108 1373 3149 me
1408 3093 1734 3166 respondere
1757 3091 1943 3164 jussit.
1979 3092 2081 3149 Cui

478 3202 576 3259 ego
605 3183 883 3257 respondi,
907 3183 1037 3257 quia
1065 3199 1163 3256 pro
1197 3180 1303 3252 his,
1333 3181 1632 3255 de-quibus
1665 3200 1751 3239 me
1782 3183 2081 3241 admonue-

478 3284 562 3338 rat
583 3275 640 3331 in
672 3275 860 3332 eadem
891 3274 1104 3349 synodo
1139 3290 1255 3331 esse
1285 3283 1534 3346 paratum
1569 3284 1631 3332 ut
1672 3273 2079 3347 responderem,

478 3373 698 3440 paratus
723 3382 868 3422 eram
892 3362 1113 3438 scriptis
1143 3364 1472 3437 respondere
1506 3384 1517 3421 :
1573 3381 1693 3437 quae
1738 3365 1943 3436 scripta
1974 3380 2082 3437 prae

479 3457 733 3514 manibus
786 3453 959 3528 tenui,
1015 3454 1111 3514 sed
1164 3455 1279 3529 ipse
1309 3474 1423 3514 non
1453 3457 1702 3529 permisit
1740 3463 1802 3512 ut
1834 3455 2081 3529 synodus

476 3548 680 3622 scripta
735 3565 856 3604 mea
906 3546 1228 3620 susciperet,
1263 3548 1393 3619 quia
1425 3545 1529 3602 sibi
1563 3547 1680 3602 dari
1707 3545 1953 3617 jubebat,
1985 3545 2081 3600 sed

476 3653 574 3709 ego
605 3645 858 3709 suspecto
886 3635 1015 3692 dare
1045 3636 1319 3691 nolebam.
1363 3637 1441 3691 De
1476 3636 1679 3691 clerico
1716 3644 1897 3691 autem
1935 3652 2076 3704 meo,

476 3726 702 3784 nomine
733 3724 1001 3793 Bertario,
1034 3741 1197 3797 quem
1227 3723 1411 3780 subito
1438 3721 1750 3796 requisivit,
1775 3721 1870 3778 sed
1900 3723 2080 3797 requi-

475 3815 616 3875 situs
647 3831 759 3872 non
779 3813 977 3886 adfuit,
1006 3815 1261 3888 respondi
1282 3812 1407 3887 quia
1440 3814 1542 3885 ipsi
1570 3812 1824 3869 homines
1863 3830 2075 3870 mecum

477 3904 790 3975 veniebant,
825 3906 919 3978 qui
960 3923 1085 3961 eum
1124 3902 1533 3976 comprobaturi
1564 3907 1765 3969 essent,
1799 3902 1845 3957 si
1875 3901 1954 3957 eis
1974 3918 2079 3959 ve-

476 3996 596 4051 nire
627 3993 908 4062 licuisset;
945 3993 1040 4050 sed
1063 3993 1208 4048 idem
1249 3990 1696 4064 archiepiscopus
1724 3990 1791 4046 de
1815 3990 1902 4047 his
1932 3991 2074 4046 nihil

478 4102 564 4141 me
590 4091 775 4157 postea
805 4085 1124 4157 appellavit,
1153 4084 1248 4140 sed
1277 4084 1346 4141 ad
1391 4084 1798 4142 accusationem
1828 4085 1969 4156 regis
1992 4101 2078 4141 me

477 4173 805 4247 respondere
834 4175 1033 4231 iterum
1062 4183 1224 4248 atque
1250 4172 1446 4230 iterum
1481 4174 1846 4248 praecipiebat.
1878 4176 1949 4230 Et
1978 4191 2076 4247 ego

477 4264 794 4335 reclamari,
846 4266 977 4339 quia
1022 4282 1132 4321 non
1170 4263 1401 4322 docebat
1444 4264 1709 4323 canonica
1754 4264 2071 4331 auctoritas,

478 4355 744 4413 nudatum
765 4362 819 4411 et
838 4355 953 4412 suis
982 4355 1145 4411 rebus
1173 4356 1493 4428 spoliatum,
1522 4355 1746 4428 insuper
1787 4362 1839 4410 et
1868 4355 1935 4410 ab
1964 4355 2076 4410 ho—

475 4447 652 4503 stibus
680 4445 985 4516 detentum,
1038 4404 1363 4519 respondere
1408 4404 1685 4503 ullatenus
1714 4445 1930 4504 debere.
1970 4444 2074 4503 Sed
2113 4404 2156 4465 Ο

477 4535 754 4606 etaddidi,
779 4533 910 4610 quia
938 4552 1051 4599 non
1071 4537 1251 4594 solum
1272 4544 1608 4610 suspectum,
1636 4534 1729 4594 sed
1747 4536 2075 4593 manifestis-

476 4631 614 4687 sime
642 4630 801 4686 illum
824 4629 1086 4686 infestum
1115 4630 1402 4686 habebam.
1437 4629 1593 4687 Unde
1622 4638 1677 4686 et
1717 4629 2073 4701 apostolicam

477 4719 660 4777 sedem
697 4719 967 4792 appellavi
1000 4734 1100 4792 pro
1122 4736 1305 4776 amore
1326 4720 1425 4777 Dei
1451 4728 1505 4776 et
1533 4718 1742 4775 honore
1773 4719 1949 4775 sancti
1979 4719 2074 4774 Pe-

476 4808 573 4882 tri,
607 4816 717 4865 tam
756 4806 823 4864 de
844 4807 958 4881 ipsa
987 4806 1332 4866 accusatione
1362 4808 1521 4882 regis,
1546 4823 1707 4883 quam
1730 4808 1797 4865 de
1818 4807 2075 4883 prtejudi-

2193 3096 2375 3153 sedem
2428 3098 2785 3170 apostolicam
2840 3097 3069 3154 minime
3126 3102 3403 3168 sperantes
3458 3095 3601 3152 mihi
3644 3114 3803 3170 posse

2194 3186 2470 3259 denegari.
2530 3187 2705 3256 Unde,
2763 3188 2917 3244 salvo
2972 3204 3068 3260 per
3096 3185 3281 3242 omnia
3308 3185 3453 3243 sedis
3482 3189 3803 3260 apostolicae

2186 3274 2422 3348 judicio,
2458 3276 2558 3349 ipsi
2592 3276 2757 3333 ﬁnem
2798 3276 3054 3333 lectionis
3081 3275 3470 3335 terminavere.
3517 3278 3646 3335 Post
3678 3279 3803 3339 hinc

2192 3364 2546 3422 transmissus
2574 3384 2697 3422 sum
2724 3367 2780 3421 in
2803 3367 3083 3436 exsilium,
3119 3366 3177 3421 in
3211 3382 3320 3439 quo
3352 3383 3447 3439 per
3463 3366 3606 3425 duos
3624 3385 3802 3427 annos

2191 3472 2374 3525 sanus,
2417 3456 2509 3513 sed
2528 3456 2811 3530 aliquanto
2842 3466 3085 3529 tempore
3122 3456 3267 3513 ferro
3294 3456 3519 3514 vinctus
3538 3459 3801 3515 custodi-

2191 3556 2281 3603 tus
2306 3564 2446 3603 sum.
2485 3548 2710 3603 Duobus
2736 3548 2895 3603 annis
2926 3548 3095 3603 ferme
3131 3547 3387 3620 peractis,
3423 3549 3651 3621 insuper
3678 3567 3799 3606 cae-

2191 3646 2343 3693 catus
2380 3654 2521 3707 sum,
2582 3646 2635 3693 et
2667 3652 2838 3709 usque
2868 3635 3032 3692 modo
3064 3645 3328 3707 retentus,
3374 3637 3444 3694 ad
3484 3655 3603 3707 vos,
3646 3646 3698 3695 et
3726 3638 3797 3695 ad

2190 3734 2383 3782 vestras
2440 3727 2701 3799 piissimae
2744 3727 3053 3784 serenitatis
3104 3726 3473 3800 praesentiam,
3544 3745 3676 3784 mox
3732 3735 3797 3784 nt

2189 3814 2379 3872 venire
2411 3815 2671 3873 dimissus
2695 3816 2849 3890 potui
2890 3818 3142 3889 protinus
3170 3816 3394 3874 accessi.
3424 3816 3587 3875 Nunc
3611 3825 3791 3874 autem

2188 3914 2424 3963 vestram
2484 3906 2832 3963 clementiam
2905 3907 3228 3980 suppliciter
3303 3922 3474 3963 exoro
3532 3923 3563 3963 a
3616 3916 3797 3963 vestra

2186 4013 2401 4052 summa
2430 3997 2755 4070 paternitate
2780 3997 2960 4070 parari
2988 3996 3055 4053 de
3084 4013 3168 4053 me
3188 3996 3464 4068 aequitatis
3487 3995 3792 4067 judicium,

2185 4087 2275 4145 cui
2306 4087 2608 4145 secundum
2660 4088 2981 4145 canonicam
3030 4087 3464 4156 institutionem,
3498 4093 3553 4143 et
3575 4085 3795 4143 decreta

2188 4180 2555 4234 Romanorum
2590 4174 2914 4249 pontificum
2964 4185 3273 4234 reservatus
3321 4184 3377 4233 et
3427 4176 3794 4233 reservandus

2186 4284 2305 4323 sum
2334 4275 2388 4322 et
2417 4268 2647 4323 fueram.
2679 4265 2837 4334 Quod
2868 4266 2938 4322 ob
2958 4268 3203 4324 amorem
3233 4266 3354 4335 Dei,
3380 4276 3435 4325 et
3460 4267 3750 4325 veneratio
3774 4298 3797 4308 -

2185 4372 2310 4411 nem
2343 4356 2485 4411 beati
2527 4357 2692 4423 Petri,
2733 4355 2877 4428 apud
2908 4364 3102 4413 vestrae
3152 4355 3498 4430 paternitatis
3530 4357 3796 4430 pietatem

2187 4444 2434 4503 obtinere
2450 4446 2705 4518 efﬂagito,
2730 4451 2847 4502 tum
2870 4463 2967 4520 pro
2987 4446 3347 4504 multitudine
3372 4445 3609 4503 miseriae
3634 4461 3797 4515 meae,

2185 4546 2303 4596 tum
2347 4557 2445 4613 pro
2495 4540 2874 4613 magnitudine
2912 4540 3131 4613 pietatis
3165 4547 3361 4598 vestrae
3397 4558 3409 4597 :
3453 4557 3571 4614 qua
3594 4556 3797 4597 accen-

2185 4629 2347 4686 datur
2394 4631 2810 4687 clementissimi
2862 4632 3243 4705 Redemptoris
3305 4647 3510 4701 amore,
3569 4629 3669 4703 qui
3702 4645 3798 4686 me

2185 4718 2407 4792 proprio
2436 4720 2730 4792 acquisivit
2758 4721 3043 4793 sanguine,
3070 4728 3123 4778 et
3162 4722 3602 4794 qualemcunque
3642 4734 3801 4774 sal:-

2183 4816 2273 4868 cto
2301 4824 2400 4865 suo
2428 4809 2662 4866 sacravit
2691 4824 2935 4866 munere.
