4078 6182
287 266 427 325 1077

1769 250 2114 336 CANONES.

3462 239 3601 299 1078

287 421 553 476 Pentecos
568 422 672 483 tes,
724 412 899 470 simili
951 410 1338 470 observatione
1392 408 1616 467 eosdem
1672 406 1897 465 feriatos
1924 372 1979 468 Α¹
2001 405 2132 483 CAP.
2166 402 2236 459 V.
2254 401 2348 483 ge
2385 400 2751 483 paenitentiam
2794 398 3140 483 absolutione,
3170 403 3247 483 ἀξ
3279 410 3380 468 per
3405 410 3600 483 manus

284 511 408 569 dies
443 506 696 567 venerari
727 504 1066 563 omnimodis
1092 504 1371 562 studeant.

295 640 360 696 Ut
388 637 446 692 in
476 632 898 691 immunitatibus
923 631 1259 687 ecclesiarum
1290 631 1517 685 mallum
1536 629 1616 685 vel
1638 625 1898 701 placitum

604 704 881 778 publicum
904 720 1054 759 nemo
1081 710 1249 759 tenere
1266 706 1574 774 praesumat.

363 824 581 884 Placuit
606 830 669 879 ut
696 821 887 897 nullus
914 836 1118 889 comes,
1144 835 1321 893 neque
1351 817 1554 892 aliquis
1573 834 1640 874 ex
1660 815 1896 890 judicia-

292 916 377 974 ria
404 920 694 990 potestate,
712 911 941 967 mallum
958 918 1053 967 aut
1073 910 1339 984 placitum
1360 908 1418 964 in
1451 904 1895 964 immunitatibus

176 1053 186 1062 .
294 1004 384 1061 vel
414 1002 574 1059 atriis
602 998 956 1058 ecclesiarum
986 1006 1196 1068 tenere,
1226 1005 1321 1053 aut
1355 1010 1687 1070 quemquam
1717 992 1784 1049 de
1814 993 1894 1048 fa-

293 1093 454 1150 milia
477 1088 793 1147 earumdem
846 1088 1199 1145 ecclesiarnm
1236 1099 1563 1160 quacunque
1607 1082 1895 1141 occasione

289 1190 387 1239 aut
412 1180 728 1238 temeritate
753 1177 1018 1251 iniuriam
1048 1184 1363 1251 praesumat.
1399 1174 1560 1244 Quod
1590 1173 1636 1229 si
1675 1169 1891 1239 fecerit,

288 1274 539 1330 bannum
569 1268 915 1326 dominicum
942 1265 1239 1339 persolvat,
1262 1272 1318 1320 et
1343 1263 1570 1334 insuper
1587 1262 1702 1318 Deo
1730 1269 1784 1316 et
1812 1276 1895 1317 ec-

289 1380 318 1421 c
328 1363 477 1420 lesiae
492 1376 656 1435 quam
674 1358 817 1416 laesit
834 1356 1139 1415 secundum
1152 1354 1471 1412 canonicam
1486 1351 1892 1409 institutionem

290 1454 351 1510 in
385 1450 648 1509 omnibus
667 1448 985 1507 satisfaciat.
1012 1446 1188 1515 Quam
1210 1444 1378 1502 etiam
1400 1444 1448 1501 si
1466 1443 1645 1500 facere
1665 1441 1893 1499 distule-

293 1541 387 1609 rit,
418 1538 615 1597 tandin
644 1554 677 1595 a
706 1545 852 1596 cmtu
877 1533 1129 1592 ﬁdelium
1158 1539 1428 1601 arceatur,
1462 1530 1658 1599 donec,
1705 1527 1893 1602 paeni-

293 1630 467 1687 tentia
491 1635 736 1702 accepta,
760 1633 972 1682 reatum
1004 1639 1166 1699 quem
1194 1621 1476 1680 commisit
1507 1618 1783 1677 emendet.

576 1754 655 1811 De
679 1751 881 1808 mansis
909 1748 1325 1820 uniuscujusque
1364 1746 1604 1802 ecclesia.

363 1870 648 1930 Sancitum
679 1876 761 1925 est
788 1877 851 1925 ut
876 1865 1176 1938 unicuique
1204 1862 1449 1920 ecclesiae
1490 1877 1634 1917 unus
1671 1874 1894 1916 mansus

295 1962 508 2032 integer
536 1958 741 2031 absque
779 1956 967 2028 aliquo
1011 1952 1239 2010 servitio
1266 1950 1624 2014 attribuatur,
1653 1955 1709 2005 et
1737 1962 1891 2020 pres-

292 2050 481 2125 byteri
527 2048 587 2105 in
636 2047 715 2103 eis
759 2043 1052 2103 constituti
1084 2058 1197 2098 non
1243 2040 1310 2098 de
1339 2039 1590 2107 decimis,
1620 2054 1796 2112 neque
1825 2035 1892 2093 de

293 2139 674 2199 oblationibus
719 2135 990 2202 ﬁdelium,
1023 2148 1135 2189 non
1183 2131 1251 2188 de
1297 2129 1556 2188 domibus
1602 2144 1777 2202 neque
1825 2126 1893 2182 de

291 2229 455 2286 atriis
479 2228 567 2285 vel
596 2224 772 2283 hortis
797 2223 960 2296 juxta
1000 2220 1285 2279 ecclesiam
1334 2218 1549 2292 positis,
1598 2232 1774 2291 neque
1825 2216 1893 2273 de

292 2317 613 2392 praescripto
644 2331 856 2380 manso,
887 2311 1114 2386 aliquod
1143 2309 1434 2367 servitium
1464 2306 1669 2364 faciant
1697 2312 1896 2379 praeter

291 2405 754 2465 ecclesiasticum.
804 2403 876 2459 Et
921 2401 968 2457 si
1021 2399 1236 2472 aliquid
1286 2397 1526 2470 amplius
1575 2395 1890 2464 habuerint,

294 2497 430 2555 inde
459 2494 771 2553 senioribus
801 2492 917 2549 suis
944 2489 1195 2548 debitum
1228 2487 1571 2562 impendant.

794 2662 1088 2722 TITULUS
1124 2657 1398 2719 PRIMUS.

824 2801 896 2840 DE
934 2795 1378 2839 ιιωΝιτεΝτιΒυε.

287 2915 429 2973 CAP.
460 2913 505 2970 Ι.
547 2912 626 2969 De
648 2907 1023 2984 paenitentibus
1058 2921 1166 2960 non
1201 2901 1440 2975 cogendis
1481 2899 1664 2956 vinum
1706 2897 1893 2954 bibere.

587 3011 677 3065 Ex
711 3007 856 3065 libro
903 3023 939 3061 v
989 3001 1339 3075 Capitularis,
1372 3016 1490 3073 cap.
1522 2997 1612 3054 54.

2073 467 2459 546 impositionem
2485 472 2866 545 episcoporum,
2894 470 2977 526 vel
3004 467 3333 526 sacerdotum
3358 467 3600 539 precibus

2154 552 2191 601 t.

2076 548 2191 619 ﬁat.
2477 615 2565 670 Ex
2599 613 2813 682 eodem,
2835 629 2954 687 cap.
2992 610 3114 669 120.

2079 713 2162 786 (ν,
2191 712 2308 784 56.)
2344 710 2403 768 Si
2431 710 2557 783 quis
2580 710 2636 765 in
2660 707 2924 782 periculo,
2954 707 3045 764 vel
3074 721 3225 780 pace,
3243 711 3339 762 aut
3358 703 3597 760 inﬁrmi-

2005 812 2115 861 tate
2162 800 2547 877 poenitentiam
2592 799 2887 871 acceperit,
2938 798 2985 854 si
3033 797 3300 854 continuo
3355 791 3601 852 creditur

2005 895 2329 962 moriturus,
2360 889 2751 948 reconcilietur
2792 904 2888 960 per
2933 894 3131 943 manus
3160 885 3597 959 impositionem,

2004 994 2059 1042 et
2086 982 2413 1042 infundatur
2442 980 2525 1036 ori
2555 978 2674 1052 ejus
2702 976 3056 1035 eucharistia.

2005 1084 2136 1143 CAP.
2166 1082 2266 1141 VI.
2306 1082 2373 1140 Ut
2391 1078 2668 1152 paenitens,
2705 1077 2923 1159 ostensis
2964 1074 3279 1159 poenitentiae
3314 1072 3598 1145 fructibus,

2455 1149 2867 1218 communionem
2905 1149 3143 1219 recipiat.

2481 1250 2570 1305 Ex
2594 1248 2807 1315 eodem,
2840 1261 2961 1317 cap.
2987 1244 3111 1301 121.

2076 1342 2157 1413 (ν,
2195 1339 2312 1412 57.)
2344 1340 2415 1396 Ut
2443 1336 2738 1410 paenitens,
2769 1334 3004 1391 ostensis
3042 1331 3383 1389 necessarius
3409 1330 3599 1402 poeni-

2003 1434 2191 1491 tentiae
2253 1431 2548 1500 fructibus,
2619 1428 2921 1502 legitimam
2969 1422 3417 1484 communionem
3471 1436 3597 1480 cum

2003 1521 2446 1582 reconciliatoria
2471 1536 2668 1576 manus
2697 1517 3053 1590 impositione
3082 1512 3370 1587 percipiat.

2001 1623 2132 1680 CAP.
2170 1621 2290 1677 VII.
2329 1621 2393 1676 Ut
2412 1618 2735 1690 ptenitentes,
2760 1623 2986 1687 tempore
3009 1630 3111 1690 quo
3135 1610 3494 1690 paenitentiam
3510 1624 3597 1680 pe-

2042 1699 2178 1760 tunt,
2203 1709 2361 1764 super
2379 1685 2537 1762 caput
2555 1690 2785 1745 cilicium
2803 1706 2838 1743 a
2856 1685 3122 1742 sacerdote
3149 1687 3557 1754 consequantur.

2495 1788 2585 1844 Ex
2614 1786 2824 1855 eodem,
2840 1801 2959 1858 cap.
2988 1783 3111 1842 122.

2079 1882 2161 1953 (ν,
2208 1881 2326 1951 58.)
2374 1879 2713 1938 Pcenitentes
2753 1885 3002 1950 tempore
3048 1891 3158 1949 quo
3212 1870 3597 1947 paenitentiam

2006 1978 2220 2044 petunt,
2269 1969 2680 2042 impositionem
2737 1981 3023 2032 manuum,
3074 1971 3128 2019 et
3157 1962 3405 2020 cilicium
3437 1975 3601 2032 super

2006 2066 2189 2131 caput,
2235 2074 2267 2113 a
2293 2055 2594 2125 sacerdote,
2643 2053 2788 2111 sicut
2832 2052 3038 2126 ubique
3080 2051 3447 2109 constitutum
3495 2055 3599 2115 est,

2005 2154 2427 2220 consequantur.

2007 2243 2138 2301 CAP.
2162 2244 2383 2301 VIII.Ut
2406 2244 2549 2299 omni
2571 2249 2796 2313 tempore
2806 2239 3008 2310 jejunii
3028 2254 3218 2293 manus
3231 2235 3603 2310 paenitentibus

2463 2332 2498 2369 a
2525 2313 2788 2369 sacerdote
2807 2313 3137 2384 imponatur.

2398 2412 2487 2468 Ex
2514 2410 2703 2467 eodem
2737 2409 2898 2476 libro,
2931 2422 3049 2479 cap.
3084 2404 3206 2461 123.

2081 2506 2162 2578 (ν,
2192 2502 2306 2575 59.)
2337 2501 2505 2560 Omni
2543 2507 2789 2572 tempore
2813 2495 3015 2570 jejunii
3046 2509 3243 2551 manus
3273 2492 3602 2566 poenitenti-

2008 2593 2111 2650 bus
2140 2609 2171 2650 a
2201 2592 2480 2650 sacerdote
2499 2589 2879 2662 imponantur.

2043 2691 2174 2751 CAP.
2196 2691 2294 2749 IX.
2333 2691 2398 2749 Ut
2428 2689 2565 2761 lapsi
2590 2704 2686 2761 per
2713 2701 2904 2761 manus
2932 2681 3316 2756 impositionem
3343 2677 3571 2752 episcopi

2621 2759 2987 2816 absolvantur.

2478 2850 2564 2905 Ex
2609 2847 2825 2914 eodem,
2855 2861 2974 2918 cap.
3011 2844 3132 2901 124.

2086 2942 2169 3013 (v,
2196 2940 2315 3012 60.)
2343 2939 2423 2995 Ne
2449 2937 2731 2994 absolutos
2761 2937 2941 3007 lapsos
2960 2934 3020 2990 in
3036 2932 3144 2991 ﬁde
3164 2931 3473 3004 credamus,
3496 2932 3605 2989 nisi

2013 3047 2108 3104 per
2136 3028 2550 3102 impositionem
2585 3040 2780 3083 manus
2809 3023 3073 3098 episcopi.

370 3129 441 3186 Ut
472 3127 660 3184 nullus
687 3122 994 3197 presbyter,
1025 3125 1120 3175 aut
1148 3117 1340 3183 laicus,
1362 3114 1719 3187 pmnitentem
1741 3116 1897 3183 cogat

2011 3128 2136 3187 CAP.
2169 3128 2240 3184 X.
2303 3128 2368 3185 Ut
2391 3126 2693 3198 paenitentes
2726 3123 3102 3198 communicent
3134 3122 3229 3192 qui
3255 3128 3377 3179 ante
3414 3136 3590 3177 recon-

288 3222 497 3278 vinum
522 3219 735 3284 bibere,
767 3221 863 3270 aut
890 3227 1108 3270 carnem
1144 3207 1475 3265 manducare
1510 3205 1619 3261 nisi
1647 3204 1717 3260 ad
1746 3220 1896 3276 pree-

285 3327 425 3368 sens
451 3325 550 3382 pro
579 3307 700 3381 ipso
727 3320 900 3360 unum
932 3301 1021 3356 vel
1041 3297 1180 3356 duos
1200 3295 1455 3354 denarios
1478 3293 1641 3368 juxta
1666 3291 1895 3366 qualita-

287 3412 409 3460 tem
440 3396 780 3472 pcenitentiai
811 3390 1048 3450 dederit.

368 3524 504 3582 CAP.
535 3525 606 3582 ll.
636 3522 714 3579 De
737 3519 941 3575 homine
962 3514 1237 3660 pitiebl;cat1;t
1264 3509 1623 3584 pwnitentiam
1650 3513 1828 3579 agente

952 3607 1010 3644 in
1064 3605 1093 3643 r
1120 3603 1172 3642 ec
1233 3628 1245 3641 .

952 3603 1245 3644 internata.

702 3689 790 3745 Ex
818 3685 1007 3743 eodem
1039 3684 1201 3749 libro,
1232 3696 1352 3753 cap.
1385 3676 1507 3733 107.

375 3814 484 3883 Qui
516 3808 793 3869 hominem
825 3806 1102 3882 publicam
1123 3798 1508 3876 paenitentiam
1538 3800 1787 3867 agentem
1820 3788 1899 3845 in-

282 3901 600 3969 terfecerit,
632 3898 877 3955 bannum
920 3899 1175 3950 nostrum
1207 3889 1267 3942 in
1294 3886 1466 3959 triplo
1496 3886 1811 3954 componat,
1848 3887 1903 3934 et

288 3990 622 4064 wirgildum
648 3983 922 4060 proximis
946 3979 1067 4051 ejus
1096 3977 1296 4032 solvat.

285 4122 435 4179 CAP.
467 4116 561 4172 III.
594 4113 669 4169 De
690 4108 970 4183 pamitente
1007 4102 1160 4174 cujus
1188 4098 1385 4154 crimen
1407 4095 1780 4168 pervulgatum
1808 4099 1899 4145 est.

692 4209 779 4265 Ex
811 4205 1001 4263 eodem
1033 4200 1200 4269 libro,
1230 4213 1348 4270 cap.
1386 4195 1509 4252 117.

375 4327 524 4398 (Lib.
556 4342 593 4382 v
627 4322 885 4397 Capitul.,
922 4335 1043 4392 cap.
1073 4296 1192 4386 53.)
1234 4314 1300 4369 In
1337 4307 1579 4369 concilio
1608 4305 1904 4398 Carthagi-

290 4415 463 4474 uensi
492 4416 560 4472 de
588 4414 692 4469 hac
735 4428 795 4467 re
824 4407 1164 4483 praecipitur,
1196 4411 1259 4459 ut
1287 4400 1334 4456 si
1361 4398 1687 4470 cujusquam
1717 4392 1905 4467 pleni-

291 4505 476 4564 tentis
502 4502 790 4576 publicum
819 4482 875 4557 et
902 4492 1351 4569 vulgatissimum
1380 4488 1593 4546 crimen
1619 4493 1723 4553 est,
1754 4482 1901 4556 quod
1934 4486 1984 4546 D

293 4573 621 4655 universam
677 4586 1040 4647 commoverit
1095 4580 1422 4648 Ecclesiam,
1471 4584 1597 4633 ante
1658 4573 1905 4631 absidem

293 4703 504 4746 manus
534 4686 584 4743 ei
614 4684 952 4755 imponatur.
988 4679 1062 4734 Et
1089 4674 1224 4732 alibi
1253 4674 1314 4729 in
1339 4667 1645 4729 canonibus
1672 4666 1759 4721 vel
1799 4664 1906 4720 de-

290 4775 606 4836 cretalibus
634 4771 835 4830 Leonis
860 4785 1034 4843 papa,
1059 4761 1382 4839 praecipitur
1409 4759 1480 4815 de
1508 4756 1697 4814 eadem
1737 4770 1815 4822 re,
1845 4761 1907 4809 ut

292 4864 585 4924 absolutio
615 4858 1006 4936 pmnitentium
1036 4871 1131 4929 per
1152 4867 1346 4909 manus
1365 4847 1773 4921 impositionem
1797 4844 1906 4914 epi-

292 4934 1150 5029 scoporumvsupplicationibus
1192 4943 1309 4999 ﬁat.
1361 4940 1435 4997 Et
1476 4937 1688 5010 reliqua
1735 4934 1908 4989 multa

296 5045 467 5113 talia,
497 5050 554 5101 et
578 5043 779 5099 borum
808 5037 1033 5097 similia.

292 5171 440 5228 CAP.
477 5166 573 5225 IV.
612 5165 689 5222 De
702 5156 1195 5236 panitentibusqui
1209 5152 1590 5236 eucharistiam
1617 5148 1909 5221 acceperint

908 5232 968 5287 in
992 5228 1322 5303 inﬁrmitate.

574 5406 591 5416 υ
695 5335 787 5390 Ex
817 5332 1011 5389 eodem
1041 5329 1207 5397 libro,
1239 5342 1359 5397 cap.
1395 5323 1517 5381 108.

386 5456 470 5523 lv,
508 5451 627 5521 5b.)
665 5447 1000 5506 Pcenitentes
1047 5443 1143 5517 qui
1194 5441 1253 5496 in
1293 5438 1616 5495 inﬁrmitate
1643 5434 1907 5491 viaticum

293 5538 658 5599 eucharistiae
701 5533 1033 5607 acceperint,
1086 5546 1200 5588 non
1247 5544 1303 5584 se
1350 5525 1575 5583 credant
1632 5523 1911 5580 absolutos

292 5631 435 5688 sine
465 5642 663 5684 manus
690 5622 1068 5696 impositione,
1100 5619 1148 5677 si
1178 5613 1606 5689 supervixerint.

2465 3196 2783 3251 ciliationem
2814 3194 3143 3249 moriuntur.

2497 3285 2585 3339 Ex
2612 3282 2823 3352 eodem,
2840 3298 2959 3354 cap.
2985 3280 3107 3338 125.

2080 3390 2159 3453 (ν,
2198 3378 2312 3452 61.)
2342 3377 2557 3435 Placuit
2581 3377 2669 3434 his
2694 3376 2811 3451 qui,
2842 3383 3064 3448 accepta
3094 3373 3439 3447 poenitentia,
3476 3382 3608 3433 ante

2008 3467 2517 3527 reconciliationem
2567 3466 2806 3540 migrant
2847 3464 2916 3521 ad
2963 3466 3159 3532 Deum,
3205 3463 3608 3521 communicari

2010 3579 2107 3635 pro
2154 3577 2219 3617 eo
2268 3557 2415 3633 quod
2477 3557 2890 3613 honoraverunt
2935 3554 3341 3627 paenitentiam.
3386 3555 3518 3624 Qui,
3559 3555 3606 3612 si

2010 3647 2445 3724 supervixerint,
2470 3654 2615 3702 stent
2639 3645 2697 3699 in
2717 3643 2912 3700 ordine
2938 3643 3327 3716 paenitentiam
3353 3661 3366 3700 :
3391 3653 3452 3700 ut
3479 3642 3608 3716 legi-

2010 3742 2203 3799 timam
2241 3737 2690 3797 communionem
2738 3742 2948 3792 statuto
2989 3743 3234 3807 tempore
3273 3733 3610 3791 reconcilia-

2009 3830 2161 3887 tione
2191 3838 2245 3885 et
2273 3843 2467 3883 manus
2495 3823 2851 3897 impositione
2874 3822 3135 3897 episcOpi,
3158 3822 3245 3878 vel
3275 3822 3395 3895 ejus
3417 3821 3596 3894 jussu,

2011 3919 2340 3993 presbyteri,
2371 3915 2663 3988 recipiant.

2013 4017 2143 4074 CAP.
2171 4015 2270 4071 XI.
2300 4016 2362 4071 Ut
2384 4011 2693 4067 criminatio
2713 4014 2928 4081 peccata
2957 4008 3140 4063 multis
3160 4006 3406 4077 jejuniis,
3426 4014 3474 4063 et
3504 4023 3609 4063 cre-

2084 4086 2197 4141 bris
2224 4101 2412 4140 manus
2439 4080 2862 4153 impositionibus
2879 4099 2914 4136 a
2937 4080 3206 4136 sacerdote
3221 4084 3538 4152 purgentur.

2476 4172 2563 4225 Ex
2618 4169 2830 4236 eodem,
2864 4185 2983 4239 cap.
3024 4170 3147 4225 126.

2089 4263 2169 4334 (ν,
2207 4258 2324 4330 62.)
2372 4257 2698 4315 Criminalia
2748 4263 2969 4327 peccata
3013 4256 3204 4310 multis
3246 4255 3499 4326 jejuniis,
3560 4265 3614 4311 et

2013 4350 2220 4409 crebris
2237 4363 2431 4404 manus
2444 4343 2790 4403 sacerdotum
2815 4341 3288 4416 impositionibus,
3313 4359 3614 4415 eorumque

2015 4437 2532 4513 supplicationibus,
2588 4435 2755 4507 juxta
2808 4448 3085 4491 canonum
3122 4438 3347 4499 statuta,
3405 4431 3615 4503 placuit

2018 4529 2256 4603 purgari.
2284 4528 2366 4584 Ita
2396 4535 2457 4583 ut
2481 4542 2645 4582 nemo
2679 4524 2797 4580 sine
2825 4538 3024 4578 manus
3056 4520 3415 4593 impositione
3458 4520 3614 4591 epis-

2012 4619 2157 4691 copi,
2186 4626 2281 4674 aut
2319 4615 2438 4689 ejus
2464 4614 2625 4687 jussu
2666 4611 2902 4685 alicujus
2947 4608 3277 4684 presbyteri,
3322 4625 3380 4665 se
3422 4608 3610 4666 credat

2013 4726 2128 4766 esse
2156 4726 2187 4765 a
2208 4708 2322 4766 suis
2357 4704 2702 4765 facinoribus
2737 4702 3073 4759 absolutum.
3113 4700 3236 4757 Non
3282 4704 3364 4755 est
3390 4698 3612 4754 miran-

2014 4803 2168 4872 dum,
2218 4802 2264 4859 si
2311 4799 2586 4858 absolutio
2638 4803 2988 4870 peccatorum
3018 4810 3115 4868 per
3144 4810 3341 4863 manus
3374 4790 3612 4864 imposi-

2016 4893 2222 4949 tionem
2267 4890 2520 4965 precibus
2563 4888 2626 4945 ﬁt
2672 4885 3037 4953 sacerdotum,
3086 4901 3212 4943 cum
3257 4882 3527 4940 Dominus
3553 4880 3612 4935 in

2016 4981 2188 5039 veteri
2228 4982 2344 5053 lege
2383 4994 2549 5052 super
2581 4985 2746 5050 caput
2782 4975 2979 5032 hostiae
3042 4989 3267 5031 manum
3316 4967 3616 5027 sacerdotis

2016 5071 2333 5144 praeceperit
2360 5066 2597 5141 imponi.
2621 5067 2846 5123 Etenim
2873 5066 3019 5122 sicut
3043 5070 3178 5118 tunc
3198 5076 3293 5131 per
3319 5058 3473 5113 illam
3494 5056 3616 5112 hos-

2016 5162 2170 5227 tiam,
2231 5159 2305 5213 ita
2332 5172 2481 5214 nunc
2519 5156 2872 5212 invocatione
2911 5150 3087 5208 sancti
3117 5148 3377 5222 Spiritus,
3408 5146 3504 5218 qui
3534 5155 3615 5201 est

2016 5248 2265 5305 remissio
2295 5254 2667 5319 peccatorum,
2723 5260 2820 5317 per
2853 5256 3049 5298 manus
3090 5239 3494 5310 episcoporum,
3526 5235 3613 5290 vel

2016 5352 2204 5393 eorum
2235 5335 2558 5391 auctoritate
2598 5332 2937 5405 reliquorum
2969 5325 3338 5392 sacerdotum,
3375 5322 3614 5396 imposi-

2020 5426 2339 5492 tionem,vel
2365 5420 2869 5494 supplicationibus
2893 5432 3087 5474 eorum
3117 5415 3479 5472 remittuntur
3492 5428 3611 5485 pec-

2016 5527 2157 5577 cata.
2184 5517 2320 5574 Nam
2341 5512 2561 5587 quando
2596 5511 2866 5567 Dominus
2896 5509 3158 5564 Lazarum
3195 5504 3506 5573 suscitavit,
3538 5504 3614 5559 ait

2017 5608 2130 5663 suis
2165 5602 2487 5677 discipulis:
2523 5599 2718 5657 Tollite
2747 5598 2976 5670 lapidem
3008 5596 3190 5666 (Joan.
3224 5595 3330 5665 χι),
3354 5592 3611 5651 subaudi-
