4078 6182
505 209 649 267 1029

1612 213 1847 274 ISAACI
1884 215 2199 278 EPISCOPI
2236 218 2693 281 LINGONENSIS

3664 232 3796 293 1080

503 365 614 427 tur,
648 366 710 417 ut
737 369 990 420 mortuus
1020 372 1303 439 resurgat;
1336 366 1472 424 dans
1502 372 1837 444 exemplum,
1872 378 1933 429 ut
1952 372 2094 430 sicut
2122 374 2174 435 A
2200 373 2268 431 de
2296 374 2400 434 hoc
2428 378 2670 451 capitulo
2700 377 2983 449 habeatur,
3008 380 3236 438 illorum
3265 389 3454 440 tamen
3486 385 3649 442 nobis
3676 405 3795 445 sen-

502 445 608 518 ipsi
642 449 897 508 manibus
931 454 1138 510 tollunt
1179 455 1438 527 lapidem,
1496 466 1559 514 ut
1595 466 1848 516 mortuus
1887 471 2092 535 surgat,

503 529 580 588 ita
618 540 671 589 et
701 534 826 606 ipsi,
868 544 921 593 et
948 555 1288 596 successores
1312 557 1525 612 eorum,
1562 560 1757 600 manus
1781 547 2093 618 poenitenti-

501 621 606 681 bus
646 622 951 697 imponant,
994 635 1055 684 ut
1085 645 1181 701 per
1212 631 1621 703 impositionem
1663 652 1927 694 manuum
1980 639 2095 695 suis

502 710 757 783 precibus
793 723 1072 773 mortuum
1112 719 1179 776 de
1213 722 1486 793 sepulcro,
1520 722 1573 779 id
1604 733 1706 794 est,
1752 736 2092 797 peccatorem

502 799 569 855 de
608 800 764 857 vitiis
813 821 1031 876 surgere
1080 816 1134 864 et
1180 809 1421 866 relevare
1465 811 1688 869 faciant.
1723 816 1795 870 Et
1823 816 1965 873 sicut
2007 818 2091 874 illi

499 886 764 944 Lazarum
796 889 1022 961 institis,
1043 893 1100 950 id
1128 903 1209 951 est
1236 896 1483 967 funibus,
1508 901 1848 973 colligatum,
1866 903 2093 975 jubente

500 975 762 1042 Domino,
780 979 1025 1049 solvunt,
1056 983 1148 1054 qui
1169 984 1247 1039 ait
1268 1000 1281 1037 :
1310 987 1504 1042 Solvite
1522 1006 1656 1058 eum,
1676 997 1722 1046 et
1741 992 1893 1047 sinite
1910 994 2056 1048 abire
2076 1011 2087 1049 :

499 1062 578 1120 ita
612 1065 703 1123 isti
740 1083 927 1124 eorum
964 1071 1462 1143 supplicationibus
1489 1079 1791 1138 auxiliante
1829 1084 2089 1154 Domino,

500 1162 556 1209 et
582 1157 879 1215 comitante
914 1159 1124 1232 Spiritu
1149 1172 1357 1234 saneto,
1392 1168 1487 1239 qui
1523 1167 1580 1223 in
1611 1169 1698 1226 bis
1726 1187 1940 1245 semper
1968 1192 2090 1248 ope-

498 1251 672 1313 ratur,
711 1262 807 1318 per
835 1264 1031 1307 manus
1062 1251 1472 1325 impositionem
1500 1266 1849 1331 peccatorum
1875 1265 2094 1321 solvant

498 1331 740 1405 vincula,
773 1354 972 1412 eosque
1018 1347 1266 1414 tempore
1304 1361 1333 1400 a
1363 1347 1567 1403 sanctis
1599 1349 1849 1421 patribus
1875 1353 2093 1409 consti-

497 1432 619 1482 tuto
649 1445 802 1486 sacra
830 1431 1163 1492 eucharistia
1182 1438 1615 1511 communicent,
1639 1450 1693 1501 et
1711 1443 1993 1503 absolutos
2015 1446 2093 1503 ire

496 1517 837 1588 permittant.

496 1638 627 1719 Car.
659 1640 782 1698 XII.
820 1644 884 1719 _Ut
905 1648 1274 1719 pauitantibus
1294 1657 1462 1719 Juxta
1481 1655 1784 1712 canonicam
1803 1660 2093 1716 auctorita-

568 1717 663 1793 tem
687 1715 998 1797 paenitentia
1026 1720 1199 1797 detur,
1247 1715 1456 1797 etiante
1488 1741 1764 1797 suspensos
1790 1748 1825 1785 α
1853 1748 2093 1787 commu-
2122 1736 2169 1796 B

564 1783 719 1843 itione
746 1788 1002 1846 excubare
1027 1783 1234 1862 faciant
1254 1793 1326 1848 ad
1355 1783 1833 1872 ecclesice'ofﬁciuni.

958 1888 1046 1943 Ex
1074 1890 1286 1961 eodem,
1315 1909 1434 1964 cap.
1491 1894 1611 1952 128.

568 1992 649 2062 (v,
683 1993 798 2064 63.)
818 1994 887 2050 Ut
906 1997 1205 2053 secundum
1229 1999 1462 2056 formam
1485 2018 1755 2060 canonum
1773 2008 2084 2079 poenitenti-

492 2079 597 2135 bus
610 2079 770 2136 detur
790 2083 1135 2153 poenitentia:
1160 2096 1214 2143 et
1226 2089 1381 2159 prius
1402 2106 1495 2146 eos
1513 2108 1544 2146 a
1563 2097 1952 2154 communione
1969 2117 2083 2157 sus-

492 2185 689 2242 pensos
706 2170 774 2226 ad
796 2171 1041 2230 ollicium
1075 2177 1430 2235 ecclesiarum
1466 2182 1737 2241 excubare
1776 2187 2001 2262 faciant,
2034 2202 2087 2250 et

491 2259 637 2316 inter
677 2262 922 2336 reliquos
968 2267 1296 2338 pmnitentes
1327 2270 1397 2327 ad
1427 2288 1622 2331 manus
1650 2274 2085 2353 impositionem,

490 2349 682 2406 crebro
707 2367 1008 2412 recurrere.
1050 2356 1289 2429 Expleto
1316 2367 1498 2417 autem
1529 2364 1921 2426 satisfactionis
1954 2378 2085 2428 tem-

488 2455 638 2512 pore,
687 2442 1011 2500 sacerdotali
1057 2462 1215 2519 prece
1265 2466 1363 2521 per
1406 2467 1601 2510 manus
1650 2456 2081 2531 impositionem,

482 2527 644 2601 juxta
671 2531 921 2589 ordinem
944 2546 1410 2595 sacramentorum
1444 2551 1497 2599 et
1526 2559 1820 2617 canonum,
1844 2552 2084 2608 reconci-

500 2618 638 2674 lient
665 2622 1016 2693 poenitentes,
1059 2632 1113 2682 et
1141 2643 1292 2686 sacra
1317 2634 1706 2692 communione
1734 2638 2081 2698 conﬁrment.

489 2742 621 2803 CAP.
653 2743 800 2802 XIII.
832 2748 912 2804 De
945 2749 1026 2805 his
1054 2752 1148 2821 qui
1183 2757 1418 2838 separati
1443 2776 1477 2814 a
1508 2762 1867 2821 communione
1884 2764 2088 2838 fuerint

1085 2825 1474 2891 paenitentibus.

877 2905 967 2960 Ex
993 2906 1183 2964 eodem
1220 2911 1382 2981 libro,
1414 2932 1534 2987 cap.
1569 2920 1688 2977 129.

562 3009 643 3081 (v,
678 3009 794 3084 6i.)
832 3011 938 3080 Qui
980 3030 1012 3070 a
1054 3018 1445 3077 communione
1475 3035 1817 3097 separantur,
1851 3030 1911 3086 in
1951 3032 2086 3089 locis

488 3100 690 3173 quibus
717 3103 917 3159 seclusi
952 3105 1172 3164 fuerant
1205 3124 1302 3180 per
1331 3125 1527 3168 manus
1552 3112 1967 3187 impositionem
2001 3138 2081 3177 re-
2117 3102 2157 3158 Ο

486 3190 697 3263 cipiant
727 3194 1200 3253 communionem.
1232 3197 1342 3255 Nec
1374 3216 1431 3256 se
1471 3204 1763 3278 quisquam
1788 3224 1819 3264 a
1849 3214 2083 3282 peccatis

487 3280 800 3339 absolutum
838 3284 957 3342 sine
997 3289 1443 3348 reconciliatoria
1488 3309 1683 3353 manus
1728 3297 2082 3373 impositione

486 3369 672 3427 credat
709 3388 721 3428 :
784 3373 878 3430 sed
922 3391 1020 3449 per
1048 3394 1243 3435 manus
1272 3379 1685 3453 impositionem
1722 3369 1974 3460 precibus
2004 3410 2082 3448 sa-

486 3460 770 3519 cerdotum
802 3465 1209 3542 reconcilietur,
1233 3469 1376 3527 sicut
1396 3475 1695 3535 auctoritas
1724 3476 1889 3536 habet
1914 3481 2082 3540 eccle-

484 3547 723 3609 siastica.

486 3672 617 3737 Car.
649 3676 798 3736 XIV.
830 3681 910 3759 lie
1026 3683 1250 3759 conﬁnio
1279 3687 1465 3742 mortis
1495 3690 1746 3759 pwnitens
1774 3710 1808 3749 a
1844 3698 2084 3755 reconci-

849 3749 1063 3806 liatione
1107 3749 1308 3810 diutine
1348 3749 1721 3830 suspe'ndatm‘.

946 3839 1035 3896 Ex
1063 3842 1276 3914 eodem,
1325 3862 1444 3918 cap.
1498 3848 1617 3905 130.

557 3945 638 4018 (v,
671 3943 785 4015 65.)
814 3945 921 4013 Qui
950 3947 1334 4018 paenitentiam
1366 3953 1426 4008 in
1453 3955 1646 4013 mortis
1674 3958 1786 4031 agit
1816 3963 2080 4039 periculo,

483 4048 596 4087 non
625 4032 840 4090 diutine
859 4050 890 4089 a
909 4037 1376 4098 reconciliationis
1402 4046 1576 4115 gratia
1613 4032 1947 4110 dill‘erendus
1976 4032 2075 4129 est;

483 4120 577 4175 sed
608 4121 654 4176 si
685 4137 782 4194 pro
810 4131 958 4180 certo
985 4127 1179 4184 mortis
1211 4139 1367 4203 urget
1396 4135 1722 4205 periculum,
1760 4143 2083 4213 paenitentia

484 4225 581 4282 per
610 4226 805 4267 manus
838 4213 1247 4285 impositionem
1274 4229 1516 4294 accepta,
1538 4226 1725 4282 statim
1754 4237 1806 4284 et
1840 4235 2079 4291 reconci-

484 4297 638 4354 liatio
667 4300 977 4358 adhibenda
1005 4312 1086 4360 est
1123 4321 1134 4359 :
1179 4322 1248 4363 ne
1274 4309 1428 4380 prius
1479 4312 1546 4368 ab
1604 4314 1862 4374 humanis
1916 4322 2081 4379 rebus

481 4403 622 4460 aeger
667 4389 939 4463 abscedat,
981 4411 1146 4467 quam
1186 4396 1394 4454 donum
1425 4403 1893 4465 reconciliationis
1937 4411 2073 4473 acci-

479 4477 595 4550 piat
623 4497 636 4546 ;
669 4480 855 4555 sicque
881 4487 1275 4558 superstitibus
1301 4490 1710 4562 quodammodo
1748 4497 1956 4557 doloris
1992 4502 2071 4559 vi-

479 4566 674 4624 deatur
701 4586 815 4628 esse
844 4576 1117 4646 perpetui,
1149 4578 1195 4633 si
1225 4580 1513 4650 praecisum
1535 4583 1602 4639 ab
1620 4586 1881 4645 Ecclesia:
1904 4608 2070 4649 mem-

476 4654 592 4713 bris
620 4675 766 4729 eum,
812 4663 906 4734 qui
955 4664 1146 4737 utique
1192 4670 1659 4729 reconciliationis
1705 4691 1818 4733 non
1870 4684 2071 4741 meruit

477 4746 725 4816 gratiam,
760 4750 961 4820 raptim
994 4767 1023 4806 e
1048 4755 1303 4823 praesenti
1336 4757 1449 4814 vita
1479 4761 1672 4818 mortis
1700 4774 1897 4821 natura
1930 4771 2070 4826 sub-

475 4831 718 4891 duxerit.
754 4836 907 4892 Unde
931 4837 1094 4909 juxta
1125 4857 1274 4914 papae
1295 4844 1492 4902 Leonis
1529 4849 1771 4907 edictum
1805 4855 1975 4926 (epist.
1995 4862 2067 4916 ad

483 4923 809 4980 Theodorum
837 4928 1111 5001 Forojul.)
1139 4949 1151 4986 :
1191 4956 1209 4979 ι
1240 4932 1337 4988 His
1367 4934 1461 5007 qui
1486 4934 1545 4991 in
1577 4923 2063 5012 temporenecessi-

471 5011 621 5081 tatis,
666 5020 721 5068 et
767 5013 828 5070 in
870 5017 1103 5087 periculi
1146 5020 1390 5091 urgentis
1426 5011 1711 5096 instantia,
1744 5033 2060 5102 praesidium

469 5100 807 5172 poenitentiae
849 5112 905 5160 et
951 5122 1083 5164 mox
1111 5110 1581 5171 reconciliationis
1611 5100 1931 5191 implorant,
1960 5142 2062 5185 nec

465 5190 770 5249 satisfactio
800 5195 1180 5255 interdicenda
1210 5208 1313 5270 est,
1345 5219 1446 5261 nec
1474 5207 1851 5269 reconciliatio
1897 5213 2057 5273 dene-

466 5280 674 5350 ganda:
704 5284 833 5356 quia
864 5285 1254 5346 misericordia:
1282 5293 1383 5349 Dei
1414 5310 1513 5352 nec
1545 5311 1827 5358 mensuras
1855 5320 2056 5377 ponere

462 5384 768 5442 possumus,
790 5391 891 5433 nec
911 5383 1155 5450 tempora
1174 5378 1423 5439 deﬁnire.
1457 5408 1474 5431 ι
1508 5386 1587 5443 De
1616 5387 1705 5445 his
1733 5399 1913 5449 autem
1936 5396 2051 5467 qui,

458 5467 681 5545 accepta
710 5465 1054 5537 pmnitentia,
1077 5479 1373 5545 antequam
1403 5479 1834 5539 reconcilientur
1854 5484 1922 5541 ab
1950 5465 2054 5544 hac

459 5542 574 5599 vita
606 5555 948 5624 recesserint,
970 5542 1301 5633 quamquam
1332 5563 1623 5625 diversitas
1648 5581 2049 5645 praeceptorum

2204 470 2375 526 tentia
2408 471 2633 542 placuit,
2667 472 2759 545 qui
2792 473 3092 545 multiplici
3123 491 3352 531 numero
3381 475 3449 533 de
3479 477 3797 550 bujusmodi

2204 557 2498 615 humanius
2527 561 2910 631 decreverunt,
2944 570 3005 617 ut
3036 570 3089 617 et
3119 564 3385 619 memoria
3415 566 3614 623 talium
3637 570 3694 624 in
3716 588 3800 628 ec-

2202 650 2383 706 clesiis
2413 653 2848 721 commendetur,
2882 661 2937 709 et
2965 653 3174 711 oblatio
3204 673 3303 729 pro
3328 673 3518 715 eorum
3550 660 3801 721 dedicata

2202 738 2489 810 spiritibus
2524 742 2845 815 accipiatur.

2202 861 2331 919 Car.
2365 864 2489 939 XV.
2521 865 2598 920 De
2620 866 2987 936 paenitentibus
3008 868 3101 939 qui
3128 888 3193 925 ea:
3222 872 3560 939 gravioribus
3593 878 3801 937 leviori-

2428 936 2620 1008 busque
2657 939 2944 994 commissis
2973 936 3329 1011 paenitentiam
3356 954 3564 1016 gerunt.

2686 1036 2773 1091 Ex
2801 1036 3012 1107 eodem,
3037 1056 3153 1112 cap.
3198 1041 3319 1099 l3i.

2276 1138 2355 1209 (v,
2388 1137 2503 1210 67.)
2536 1140 2616 1197 De
2636 1143 3052 1213 paenitentibus,
3072 1148 3167 1219 qui
3198 1149 3316 1206 sive
3348 1168 3418 1208 ex
3452 1156 3804 1225 gravioribus

2200 1226 2529 1297 commissis,
2561 1229 2679 1285 sive
2710 1247 2776 1287 ex
2809 1234 3129 1305 levioribus,
3163 1240 3548 1309 poenitentiam
3579 1257 3798 1318 gemat,

2203 1316 2248 1371 si
2272 1318 2425 1372 nulla
2440 1317 2741 1376 intervenit
2763 1323 3050 1394 aegritudo,
3075 1327 3270 1398 quinta
3293 1330 3429 1387 feria
3447 1342 3574 1391 ante
3587 1316 3804 1395 Pascha

2202 1404 2281 1460 eis
2307 1406 2699 1464 remittendum
2730 1410 2986 1469 Romana:
3026 1414 3288 1473 Ecclesiae
3318 1423 3660 1479 consuetudo
3688 1427 3802 1483 de-

2205 1502 2493 1551 monstrat.
2527 1495 2795 1555 Caeterum
2825 1500 2893 1557 de
2922 1503 3161 1574 pondere
3204 1507 3529 1567 aestimando
3571 1513 3805 1573 delicto-

2206 1600 2329 1640 rum
2368 1585 2667 1644 sacerdotis
2693 1596 2773 1644 est
2805 1589 3053 1661 judicare
3078 1611 3090 1658 ;
3120 1600 3180 1649 ut
3211 1596 3461 1653 attendat
3491 1600 3559 1656 ad
3589 1605 3798 1661 confes-

2206 1676 2415 1733 sionem
2448 1679 2788 1751 poenitentis,
2815 1689 2867 1737 et
2896 1684 2963 1739 ad
2995 1683 3158 1741 ﬂetus
3186 1694 3349 1759 atque
3382 1689 3651 1764 lacrymas
3681 1714 3801 1754 cor-

2204 1767 2247 1822 ri
2257 1766 2507 1837 gendi,ac
2524 1775 2642 1823 tum
2660 1768 2852 1841 jubere
2872 1772 3103 1842 dimitti,
3127 1791 3253 1830 cum
3281 1777 3484 1834 viderit
3499 1798 3797 1856 congruam

2199 1859 2649 1918 satisfactionem.
2685 1862 2825 1919 Sane
2862 1865 2907 1920 si
2939 1865 3062 1937 quis
3100 1867 3484 1939 aegritudinem
3517 1872 3797 1947 inciderit,

2198 1955 2364 2019 atque
2385 1964 2558 2021 usque
2590 1950 2659 2005 ad
2690 1952 3127 2024 desperationem
3157 1956 3529 2028 devenerit,ei
3562 1971 3639 2019 est
3672 1976 3800 2022 ante

2196 2045 2412 2110 tempus
2463 2037 2683 2095 Paschae
2727 2042 3111 2114 relaxandum,
3142 2062 3211 2102 ne
3256 2047 3325 2104 de
3363 2051 3565 2107 saculo
3595 2053 3797 2129 absque

2196 2122 2589 2180 communione
2620 2125 2887 2186 discedat.

2197 2240 2327 2298 CAP.
2363 2238 2532 2329 ξνῐλ
2551 2242 2613 2299 Ut
2634 2250 2957 2329 permittentes,
2984 2249 3078 2318 qui
3112 2266 3182 2329 εις
3206 2255 3550 2329 gravioribus
3569 2259 3795 2329 peccatis

2261 2311 2620 2387 ptenitentiam
2634 2311 2845 2386 perunt,
2867 2311 3034 2373 tribus
3052 2311 3341 2381 annisvsint
3361 2311 3500 2385 inter
3526 2311 3797 2387 audientes

2267 2384 2315 2439 si.
2341 2401 2520 2440 veram
2540 2384 2903 2457 paenitentiam
2931 2393 3200 2462 gesserint.

2658 2488 2744 2543 Ex
2773 2489 2986 2560 eodem,
3016 2494 3193 2566 capite
3217 2495 3336 2555 132,

2270 2595 2350 2666 (v,
2384 2594 2499 2668 69.)
2531 2596 2870 2659 Pcenitentes
2903 2603 2998 2675 qui
3025 2620 3093 2660 ex
3115 2608 3464 2678 gravioribus
3485 2617 3801 2676 commissis

2196 2684 2575 2755 paenitentiam
2628 2699 2844 2761 gerunt,
2896 2692 2940 2749 si
2978 2710 3047 2749 ex
3085 2697 3249 2753 corde
3294 2702 3617 2773 pmniteant,
3651 2707 3795 2764 sicut

2194 2773 2415 2831 Nicaena
2436 2778 2681 2849 synodus
2710 2780 2777 2835 de
2808 2781 2974 2855 lapsis
2997 2787 3288 2845 constituit
3313 2792 3453 2863 (can.
3480 2795 3593 2867 11),
3618 2798 3798 2857 tribus

2194 2864 2354 2920 annis
2383 2865 2495 2920 sint
2522 2866 2667 2922 inter
2693 2869 2996 2941 audientes,
3030 2875 3272 2948 quinque
3301 2896 3430 2937 vero
3469 2885 3557 2940 vel
3584 2896 3793 2959 septem

2195 2953 2354 3009 annis
2382 2952 2698 3026 subjaceant
2729 2956 2875 3014 inter
2900 2963 3232 3032 ptenitentes
3261 2970 3517 3027 manibus
3544 2977 3794 3033 sacerdo-

2193 3051 2334 3115 tum,
2370 3045 2584 3102 duobus
2613 3049 2777 3104 etiam
2817 3050 3123 3110 oblationes
3154 3073 3263 3114 non
3294 3061 3546 3119 sinantur
3572 3066 3793 3135 oﬂ'erre,

2193 3133 2286 3189 sed
2318 3137 2701 3193 tantummodo
2730 3140 2951 3212 populis
2980 3143 3037 3198 in
3068 3146 3315 3205 oratione
3345 3153 3646 3211 socientur.
3669 3158 3798 3214 Non

2194 3225 2604 3282 confundantur
2652 3230 2766 3285 Deo
2816 3232 2959 3288 colla
3004 3235 3348 3311 submittere,
3384 3244 3479 3316 qui
3509 3263 3634 3303 eum
3677 3266 3795 3306 non

2197 3314 2498 3372 timuerunt
2525 3314 2809 3389 abnegare.
2843 3320 3001 3388 Quod
3021 3324 3087 3393 si,
3110 3335 3300 3399 utpote
3330 3314 3606 3403 mortales,
3643 3337 3796 3394 intra

2193 3414 2364 3462 metas
2388 3409 2690 3482 praescripti
2715 3413 2978 3484 temporis
2998 3419 3223 3491 coeperit
3254 3422 3382 3479 vitae
3414 3424 3539 3482 ﬁnis
3567 3445 3792 3502 urgere,

2193 3498 2632 3555 subveniendum
2678 3508 2759 3556 est
2802 3501 3250 3579 implorantibus,
3284 3528 3381 3569 seu
3424 3516 3491 3572 ab
3528 3498 3795 3593 episcopo

2192 3587 2287 3659 qui
2316 3589 2695 3660 poenitentiam
2727 3589 2898 3661 dedit,
2918 3610 3011 3651 seu
3032 3596 3099 3652 ab
3113 3599 3244 3669 alio,
3263 3602 3357 3673 qui
3391 3587 3577 3663 tamen
3598 3587 3792 3666 datam

2193 3691 2307 3732 esse
2328 3675 2658 3747 probaverit,
2681 3687 2774 3736 aut
2803 3681 3062 3740 similiter
3089 3701 3120 3740 a
3150 3689 3491 3763 presbytero,
3510 3694 3671 3765 jussu
3690 3709 3790 3755 aut

2194 3765 2462 3838 permissu
2492 3774 2673 3823 tamen
2707 3772 2914 3842 proprii
2941 3773 3204 3849 episcopi,
3246 3795 3341 3850 per
3371 3799 3562 3840 manus
3595 3786 3792 3859 impo—

2193 3854 2472 3920 sitionem,
2501 3855 2847 3916 absolutione
2879 3877 3097 3933 precum
3131 3868 3574 3942 sacerdotalium,
3608 3876 3793 3932 viati-

2193 3959 2317 3998 cum
2348 3943 2675 4002 abeuntibus
2704 3947 2771 4003 de
2803 3951 3003 4007 saeculo
3033 3969 3145 4009 non
3173 3965 3423 4028 negetur.
3452 3961 3649 4018 Pueris
3674 3979 3794 4021 au-

2193 4036 2323 4099 tem,
2350 4031 2551 4103 quibus
2580 4048 2611 4087 a
2655 4035 2894 4105 puritate
2922 4040 3253 4099 vocabulum
3285 4054 3387 4115 est,
3420 4064 3512 4104 seu
3538 4051 3791 4122 clericis,

2191 4134 2286 4172 seu
2317 4119 2492 4189 laicis,
2525 4129 2621 4178 aut
2648 4125 2811 4179 etiam
2844 4125 3120 4188 similibus
3151 4136 3370 4205 puellis,
3401 4138 3600 4211 quibus
3630 4142 3793 4214 igno-

2191 4208 2369 4263 rantia
2396 4211 2723 4283 suffragatur
2750 4217 2946 4286 aetatis,
2969 4220 3291 4294 aliquandiu
3322 4208 3432 4282 sub
3454 4245 3646 4285 manus
3679 4232 3792 4288 im-

2187 4396 2312 4442 ante
2344 4390 2671 4460 praeﬁnitum
2703 4396 3041 4466 pmnitentiae
3072 4408 3289 4475 tempus
3319 4406 3555 4479 despecti
3587 4426 3623 4465 a
3660 4429 3795 4469 me-

2185 4475 2343 4545 dicis,
2376 4486 2469 4534 aut
2493 4479 2843 4540 evidentibus
2871 4489 3067 4545 mortis
3097 4494 3268 4562 pressi
3298 4494 3540 4565 indiciis,
3559 4513 3793 4575 recepta

2182 4568 2589 4624 communionis
2618 4572 2789 4641 gratia
2817 4578 3218 4649 convaluerint,
3265 4598 3545 4642 servemus
3603 4587 3670 4644 in
3710 4591 3797 4647 eis

2181 4656 2328 4726 quod
2352 4658 2559 4715 Nicaeni
2588 4677 2824 4719 canones
2850 4668 3197 4739 ordinarunt,
3214 4681 3277 4727 ut
3296 4672 3601 4731 habeantur
3634 4680 3792 4738 inter

2178 4741 2305 4799 illos
2334 4748 2429 4818 qui
2459 4747 2519 4803 in
2555 4751 2801 4809 oratione
2838 4756 2955 4811 sola
2994 4763 3435 4831 communicant,
3465 4766 3647 4824 donec
3677 4771 3788 4828 im-

2177 4832 2393 4903 pleatur
2420 4837 2655 4909 spatium
2688 4845 2951 4915 temporis
2976 4847 3181 4905 eisdem
3212 4854 3538 4924 praestitum.

2175 4945 2304 5006 Car.
2350 4950 2525 5010 XVII.
2581 4956 2643 5013 Ut
2690 4958 3172 5041 quiupaanitentiam
3198 4968 3405 5037 publice
3429 4978 3621 5041 gerunt
3668 4992 3786 5033 uno

2398 5042 2539 5080 anno
2578 5044 2693 5083 cum
2741 5030 2912 5087 cilicio
2950 5034 3056 5089 sint
3086 5030 3223 5093 inter
3250 5030 3536 5099 audientes.

2652 5126 2741 5183 Ex
2765 5128 2976 5201 eodem,
2999 5149 3115 5207 cap.
3145 5135 3264 5194 I36.

2240 5224 2319 5298 (v,
2354 5228 2468 5303 7l.)
2500 5229 2604 5299 Qui
2635 5236 3016 5306 pmnitentiam
3038 5242 3315 5315 publicam
3338 5250 3780 5320 gerunt,debent

2165 5328 2277 5370 uno
2303 5332 2446 5374 anno
2474 5334 2589 5376 esse
2621 5338 2744 5380 cum
2774 5326 2960 5384 cilicio
2986 5330 3133 5389 inter
3151 5336 3456 5407 audientes,
3478 5341 3775 5416 vetusque

2162 5403 2231 5497 ad
2259 5421 2517 5479 magnum
2551 5409 2698 5468 diem
2730 5431 2742 5470 :
2773 5424 2826 5472 et
2847 5420 3135 5492 populum,
3161 5426 3382 5497 quando
3397 5403 3564 5484 intrat
3584 5403 3771 5487 eccle-

2160 5491 2317 5562 siam,
2367 5497 2574 5568 perfusi
2621 5500 2881 5575 lacrymis
2922 5491 3128 5568 debent
3187 5514 3402 5571 veniam
3453 5519 3765 5589 postulare,

2158 5586 2474 5658 precarique
2503 5605 2627 5647 eum
2646 5591 2953 5667 humiliter,
2979 5606 3038 5655 ut
3064 5618 3163 5674 pro
3191 5604 3270 5660 eis
3290 5586 3546 5678 dignetur
3568 5625 3763 5667 orare.
