4078 6182
227 269 361 327 1081

1717 236 2057 322 CANONES.

219 419 420 476 Tribus
439 433 571 475 vero
593 418 754 475 annis
784 419 1101 493 subjaeeant
1146 419 1290 475 inter
1320 416 1648 491 poenitentes
1677 433 1803 473 ma-
1840 422 1890 481 A
1921 416 2050 477 CAP.
2093 418 2246 477 XXI.
2309 422 2373 480 Ut
2404 422 2707 505 pcenitentes
2740 438 2855 505 .non
2900 439 2961 505 se
2997 423 3213 481 credant
3252 424 3523 485 absolutos

219 509 386 565 nibus
444 508 790 566 sacerdotum
836 509 895 565 in
959 511 1082 566 loco
1129 516 1275 566 retro
1321 508 1526 564 ostium
1572 506 1815 564 ecclesiae

218 597 615 671 paenitentibus
653 598 975 668 constituto,
1035 607 1088 655 et
1153 615 1394 655 seorsum
1453 598 1597 654 infra
1640 598 1813 671 ipsam

218 686 504 745 ecclesiam
544 688 746 760 populo
776 688 1007 756 secluso,
1036 694 1218 744 tamen
1241 687 1355 759 jam
1386 704 1497 743 non
1524 688 1583 744 in
1614 695 1815 744 terram

221 776 503 850 prostrati,
534 775 629 832 sed
675 778 836 833 vultu
887 786 941 834 et
977 778 1155 850 capite
1184 777 1498 847 bumiliato,
1530 777 1818 833 humiliter

221 877 273 924 et
302 884 373 924 ex
402 866 586 936 corde,
618 874 682 923 ut
711 883 875 939 supra
895 867 1104 924 dictum
1137 876 1239 935 est,
1264 867 1481 922 veniam
1514 869 1813 947 postulent,

220 964 275 1013 et
303 973 401 1029 pro
428 972 486 1013 se
515 971 670 1012 orare
685 964 1003 1028 exposcunt.
1031 956 1257 1013 Duobus
1276 956 1441 1011 etiam
1471 955 1632 1010 annis
1670 955 1816 1011 obla-

223 1048 403 1103 tiones
426 1046 607 1103 modis
635 1047 893 1103 omnibus
922 1063 1031 1102 non
1061 1048 1311 1103 sinantur
1341 1046 1556 1114 offerre,
1588 1045 1681 1101 sed
1710 1063 1818 1118 po-

223 1138 370 1211 pulis
411 1135 796 1193 tantummodo
840 1137 898 1191 in
929 1136 1178 1192 oratione
1207 1135 1507 1204 socientur,
1540 1142 1603 1190 ut
1631 1136 1820 1207 perfe-

224 1228 462 1286 ctionem
494 1228 730 1299 septimo
760 1226 820 1282 in
849 1242 1004 1282 coena
1049 1227 1272 1282 Domini
1299 1234 1726 1298 consequantur,
1761 1226 1818 1283 id

225 1325 304 1375 est
334 1317 704 1391 perepiscopi,
730 1315 817 1370 vel
839 1313 957 1387 ejus
971 1314 1151 1386 jussu,
1172 1314 1219 1371 si
1251 1316 1364 1388 ipse
1388 1314 1559 1385 abest,
1582 1317 1818 1374 aliorum

225 1404 565 1462 sacerdotum
591 1420 784 1460 manus
803 1402 1238 1475 impositionem,
1262 1404 1609 1465 absolutione
1646 1421 1818 1463 sacer-

225 1494 492 1550 dotalium
514 1509 739 1566 precum
758 1492 1169 1550 communionis
1188 1492 1474 1551 catholicae
1492 1495 1720 1568 gratiam
1740 1511 1817 1550 re-

221 1581 455 1655 cepturi.
512 1583 576 1637 In
628 1580 716 1636 his
778 1597 909 1636 vero
969 1589 1174 1653 septem
1217 1581 1377 1638 annis
1437 1584 1820 1658 multipliciter

216 1672 468 1745 jejuniis,
526 1671 890 1739 orationibus,
940 1670 1181 1739 ﬂetibus,
1240 1679 1293 1727 et
1345 1673 1817 1746 eleemosynarum

2371 494 2482 550 sine
2514 511 2705 551 manus
2731 494 3076 567 impositione.

2419 584 2507 640 Ex
2534 585 2745 654 eodem,
2779 600 2898 657 cap.
2930 583 3019 639 41.

2000 680 2080 750 (v,
2110 679 2222 752 76.)
2256 680 2611 749 Pmnitentes,
2642 683 2736 754 qui
2785 682 2844 737 in
2891 680 3215 737 inﬁrmitate
3260 677 3522 736 viaticum

1927 767 2269 826 eucharistiae
2309 778 2654 842 acceperunt,
2704 788 2817 826 non
2863 788 2920 827 se
2964 769 3190 828 credant
3247 768 3526 824 absolutos

1927 857 2045 913 sine
2080 875 2276 915 manus
2304 859 2679 932 impositione,
2707 860 2752 914 si
2784 860 3215 932 supervixerint.

1927 974 2057 1055 Car.
2093 975 2277 1055 XXII.
2300 977 2378 1031 De
2404 976 2773 1055 paenitentibus
2794 976 2885 1055 qui
2904 982 3186 1055 antequam
3218 976 3344 1055 leges
3360 972 3529 1053 poeni:

1999 1047 2169 1102 tentia:
2193 1045 2567 1118 exsequantur,
2601 1049 2647 1103 si
2683 1045 2815 1104 casn
2855 1048 2912 1102 in
2953 1045 3139 1104 itinere
3181 1052 3276 1103 aut
3304 1045 3359 1100 in
3387 1045 3529 1099 mari

1997 1118 2195 1173 mortui
2230 1118 2453 1190 fuerint.

2439 1209 2525 1263 Ex
2551 1207 2766 1276 eodem,
2790 1223 2908 1278 cap.
2940 1205 3028 1261 42.

2002 1311 2081 1382 (v,
2116 1309 2230 1381 77.)
2262 1309 2614 1376 Poenitentes,
2643 1307 2737 1380 qui
2769 1315 3062 1379 antequam
3089 1304 3233 1375 leges
3262 1304 3528 1375 poeniten-

1928 1397 2021 1453 tia:
2076 1404 2466 1470 exsequantur,
2529 1396 2575 1450 si
2621 1412 2751 1451 casu
2795 1395 2853 1450 in
2906 1393 3101 1449 itinere
3144 1393 3231 1446 vel
3280 1390 3337 1446 in
3390 1390 3526 1447 mari

1929 1489 2134 1542 mortui
2166 1486 2399 1555 fuerint,
2434 1485 2531 1541 ubi
2561 1485 2641 1541 eis
2670 1484 2922 1541 sacerdos
2952 1481 3245 1539 subvenire
3279 1498 3389 1535 non
3419 1497 3528 1552 po-

1927 1576 2116 1644 tuerit,
2148 1576 2411 1631 memoria
2432 1591 2619 1632 eorum
2642 1582 2693 1632 et
2716 1572 3059 1631 orationibus
3080 1578 3134 1627 et
3157 1568 3528 1627 oblationibus

1929 1666 2368 1724 commendetur.

222 1770 388 1853 Non}
420 1760 613 1816 melius
651 1760 950 1853 pome_rintf
998 1759 1437 1853 exhibi‘ifinibus
1470 1771 1522 1853 (ἴε
1556 1765 1668 1820 1³οΓ
1672 1763 1814 1853 ΥΠῚ-ίδ
1845 1777 1893 1839 Β
1927 1784 2057 1844 CAP.
2088 1785 2291 1841 XXIII.
2330 1786 2391 1841 Ut
2420 1786 2603 1840 nullus
2630 1784 2793 1839 vitam
2829 1782 2940 1838 sine
2969 1779 3326 1837 communione
3352 1779 3523 1853 ﬁniat,

220 1849 538 1922 persistant,
571 1856 625 1905 et
654 1865 722 1905 ne
771 1849 1004 1905 ulterius
1049 1848 1129 1904 eis
1176 1849 1311 1903 talia
1353 1850 1677 1924 contingant
1708 1851 1817 1907 ad-

201 1933 450 1996 'modum
480 1947 730 2005 caveant,
757 1948 820 1995 ut
850 1946 1163 1995 mereantur
1185 1939 1339 1995 illam
1372 1942 1595 1998 Domini
1627 1959 1819 1999 vocem

221 2029 415 2085 audire
469 2028 853 2103 inquientem:
926 2028 1063 2087 Vade
1088 2034 1135 2083 et
1187 2029 1443 2101 amplius
1472 2032 1587 2087 noli
1607 2049 1821 2104 peccare

225 2118 410 2187 (Joan.
444 2117 597 2189 vui).

294 2268 428 2329 Car.
463 2270 664 2329 XVIII.
721 2271 799 2326 De
848 2270 1221 2342 paenitentibus
1252 2272 1749 2344 transgressoribns.

617 2385 704 2440 Ex
730 2384 920 2440 eodem
956 2385 1118 2450 libro,
1151 2402 1268 2458 cap.
1300 2386 1434 2447 .137.

299 2507 382 2577 (ν,
398 2506 512 2578 72.)
534 2507 603 2563 Ut
617 2506 671 2562 hi
694 2506 788 2581 qui
808 2508 1082 2581 frequenti
1104 2508 1557 2580 praevaricatione
1574 2518 1820 2582 peccant,

221 2598 312 2654 vel
353 2597 735 2669 pmnitentiam
784 2597 1006 2667 iterant,
1053 2599 1336 2673 frequenti
1392 2602 1685 2669 sententia,
1716 2601 1824 2657 nisi

220 2705 323 2762 per
360 2688 792 2746 satisfactionem
825 2706 945 2764 quae
976 2692 1320 2762 praevaricati
1374 2701 1507 2749 sunt
1536 2692 1826 2749 emendare

219 2779 497 2846 nitantur,
518 2788 872 2838 coerceantur
896 2781 983 2837 vel
1004 2781 1464 2851 condemnentur,
1485 2790 1546 2838 ut
1568 2783 1685 2842 haec
1706 2799 1826 2856 qua:

220 2869 541 2925 voluntarie
572 2885 683 2925 non
726 2869 1012 2927 diluerunt
1056 2870 1223 2927 inviti
1252 2871 1565 2928 emendent.
1594 2872 1751 2939 Quod
1780 2866 1827 2928 si

217 2958 429 3032 aliquis
458 2958 721 3029 renuerit,
754 2968 808 3016 et
835 2960 1122 3032 praeceptis
1153 2961 1268 3016 suis
1295 2961 1597 3018 sacerdotis
1626 2961 1828 3017 inobe-

218 3047 388 3105 diens
423 3048 757 3120 apparuerit,
789 3048 1094 3105 secundum
1125 3049 1351 3106 modum
1391 3051 1564 3122 culpaa
1593 3066 1828 3108 excom—

2220 1873 2310 1911 nec
2347 1856 2587 1911 unctione
2625 1855 2872 1911 benedicti
2910 1855 3012 1909 olei
3040 1858 3237 1908 careat.

2396 1945 2483 2000 Ex
2518 1944 2661 2000 libro
2688 1961 2767 2011 v1,
2800 1958 2919 2015 cap.
2964 1940 3049 1997 75.

2004 2046 2107 2117 (v1,
2142 2044 2255 2115 75.)
2287 2042 2343 2099 Si
2372 2043 2426 2098 in
2451 2043 2774 2098 inﬁrmitate
2799 2040 3174 2112 deprehensus
3190 2038 3314 2111 quis
3340 2035 3528 2102 fuerit,

1931 2135 2104 2190 vitam
2144 2135 2262 2191 sine
2306 2133 2697 2190 communione
2745 2149 2856 2189 non
2901 2130 3077 2198 ﬁniat,
3126 2145 3228 2185 nec
3269 2125 3533 2183 unctione

1930 2225 2126 2280 sacrati
2173 2222 2281 2279 olei
2328 2232 2552 2280 careat:
2599 2230 2653 2277 et
2701 2222 2746 2277 si
2793 2221 2958 2276 linem
2996 2218 3311 2291 perspiciat,
3340 2231 3532 2272 sacro-

1932 2320 2119 2368 sancto
2148 2327 2374 2382 corpore
2404 2312 2517 2366 Deo
2545 2310 2729 2365 anima
2765 2308 2883 2380 ejus
2910 2324 2942 2363 a
2971 2305 3251 2364 sacerdote
3279 2303 3533 2377 precibus

1933 2399 2368 2457 commendetur.

1934 2514 2064 2573 CAP.
2097 2512 2304 2572 XXIV.
2340 2514 2403 2571 Ut
2427 2512 2607 2566 nullus
2634 2511 2904 2582 presbyter
2932 2507 3164 2582 amplius
3189 2522 3349 2579 quam
3374 2520 3533 2560 unam

2397 2581 2659 2639 ecclesiam
2698 2583 2795 2637 sibi
2828 2581 3070 2637 vindicet.

2433 2672 2522 2728 Ex
2551 2670 2765 2740 eodem,
2792 2686 2912 2742 cap.
2949 2668 3036 2726 76.

2011 2774 2114 2845 (γι,
2146 2770 2261 2845 73.)
2299 2771 2640 2845 QuaprOpter
2683 2769 2941 2825 omnibus
2991 2766 3199 2841 placuit
3246 2772 3307 2821 ut
3348 2764 3536 2821 nullus

1937 2863 2223 2938 presbyter
2248 2862 2487 2933 amplius
2516 2875 2678 2932 quam
2709 2875 2876 2915 unam
2908 2858 3193 2914 ecclesiam
3220 2853 3327 2910 sibi
3355 2851 3534 2909 vindi-

1937 2961 2021 3009 cet
2055 2970 2066 3009 :
2111 2952 2240 3024 quia
2271 2950 2416 3006 sicut
2445 2947 2826 3020 unusquisque
2856 2946 3133 3002 saecularis
3162 2958 3272 2999 non
3299 2940 3536 3012 amplius

1937 3061 2099 3117 quam
2130 3060 2298 3099 unam
2329 3041 2528 3098 habere
2553 3040 2714 3097 debet
2743 3054 2998 3104 uxorem,
3047 3036 3123 3091 ita
3161 3031 3537 3104 unusquisque

215 3118 560 3195 municetur.
600 3138 659 3194 Si
703 3137 829 3211 quis
878 3146 1059 3195 autem
1112 3138 1201 3194 his
1244 3148 1369 3195 ante
1406 3118 1827 3199 reconciliatio-
1858 3139 1901 3198 Ο
1935 3135 2219 3207 presbyter
2265 3149 2376 3190 non
2424 3130 2663 3203 amplius
2712 3143 2877 3200 quam
2908 3140 3076 3183 unam
3127 3123 3326 3179 habere
3374 3118 3535 3176 debet

217 3244 379 3297 nem,
433 3236 487 3283 et
567 3243 760 3284 eorum
835 3226 1292 3296 satisfactionem,
1357 3228 1559 3302 absque
1616 3228 1826 3301 proprii

216 3315 473 3390 episcopi
505 3316 726 3373 licentia
752 3316 1161 3373 communicare
1186 3317 1619 3389 praesumpserit,
1653 3317 1826 3372 simili

217 3407 798 3464 excommunicationi
846 3405 1143 3477 subjaceat.
1177 3406 1495 3466 Sacerdotes
1523 3414 1727 3474 autem,
1761 3405 1828 3462 ad

234 3511 389 3570 quos
417 3496 690 3567 pertinere
738 3504 1061 3564 noscuntur,
1092 3496 1138 3551 si
1165 3512 1256 3552 eos
1305 3496 1552 3568 quolibet
1581 3512 1827 3564 munere,

216 3593 327 3642 aut
358 3586 569 3653 favore,
600 3586 688 3640 vel
722 3585 1052 3657 negligentia
1081 3585 1375 3642 admonere
1411 3586 1715 3655 noluerint,
1736 3591 1830 3642 aut

217 3692 329 3750 per
366 3674 798 3731 satisfactionem
836 3682 1172 3731 revertentes
1199 3691 1310 3731 non
1343 3675 1704 3748 susceperint,
1738 3683 1832 3731 aut

215 3771 657 3824 contemnentes
685 3763 748 3819 de
777 3765 1006 3822 ecclesia
1034 3781 1146 3822 non
1167 3764 1477 3838 rejecerint,
1511 3765 1681 3822 simili
1713 3782 1830 3822 sen-

215 3856 411 3915 tentia
454 3856 780 3929 plectantur,
831 3872 1079 3930 quosque
1129 3858 1220 3912 vel
1268 3857 1690 3928 emendationis,
1742 3858 1830 3913 vel

215 3963 425 4004 eorum
454 3945 824 4003 damnationis
857 3947 1131 4002 sententia
1163 3948 1558 4018 promulgetur.

366 4098 500 4158 CAP.
531 4099 685 4155 XIX.
720 4099 799 4155 De
826 4095 1291 4170 negtigentioribus
1314 4098 1702 4168 paenitentibus.

698 4206 782 4261 Ex
814 4205 1027 4274 eodem,
1071 4221 1191 4277 cap.
1243 4204 1363 4262 139.

306 4336 391 4405 (v,
422 4334 535 4407 74.)
561 4335 632 4391 Ut
653 4334 1076 4407 negligentiores
1099 4334 1431 4406 poenitentes
1460 4331 1673 4390 tardius
1700 4333 1834 4392 reci-

224 4426 481 4498 piantur.

222 4573 368 4633 Cae.
400 4572 530 4631 XX.
557 4572 634 4628 De
666 4588 722 4628 eo
751 4571 843 4642 qui
862 4570 1221 4643 paenitentiam
1250 4569 1308 4626 in
1332 4569 1647 4643 inﬁrmitate
1674 4573 1828 4644 petit.

730 4690 817 4745 Ex
847 4690 1061 4758 eodem,
1095 4706 1213 4763 cap.
1243 4689 1333 4746 40.

304 4822 391 4895 (v,
426 4820 541 4893 75.)
562 4821 613 4877 Is
644 4820 740 4894 qui
762 4819 1223 4893 pcenitentiamin
1248 4818 1574 4875 inﬁrmitate
1603 4819 1760 4893 petit,
1785 4820 1829 4875 si

216 4928 385 4980 casu,
421 4910 554 4967 dum
584 4911 651 4967 ad
680 4927 806 4967 eum
831 4911 1084 4968 sacerdos
1116 4910 1386 4966 invitatus
1406 4908 1580 4976 venit,
1612 4925 1830 4982 oppres-

217 5019 323 5058 sus
349 5000 671 5058 inﬁrmitate
692 5001 992 5070 obmutuit,
1007 5000 1095 5056 vel
1115 4999 1172 5055 in
1187 4998 1480 5072 phrenesin
1503 5016 1691 5055 versus
1714 5000 1826 5056 fue-

213 5092 321 5159 rit,
351 5090 487 5147 dent
506 5090 886 5149 testimonium
912 5090 1007 5164 qui
1032 5105 1158 5146 eum
1179 5088 1498 5156 audierunt,
1522 5096 1575 5144 et
1595 5087 1829 5161 accipiat

214 5180 661 5253 pwnitentiam:
712 5188 767 5237 et
806 5180 852 5235 si
895 5178 1161 5237 continuo
1208 5177 1453 5236 creditur
1503 5178 1825 5245 moriturus,

212 5269 622 5327 reconcilietur
638 5286 732 5343 per
753 5284 948 5327 manus
968 5267 1403 5342 impositionem,
1429 5274 1482 5323 et
1504 5265 1829 5323 infundatur

211 5363 308 5420 ori
345 5360 467 5433 ejus
495 5359 849 5417 eucharistia.
884 5360 941 5417 Si
984 5358 1378 5433 supervixerit,
1413 5365 1829 5415 commoneatur

209 5469 245 5507 a
277 5448 623 5521 supradictis
650 5450 882 5508 testibus
929 5448 1186 5524 petitioni
1233 5463 1345 5505 sua:
1383 5444 1745 5512 satisfactum,
1774 5451 1828 5501 et

208 5540 500 5599 subdatur
513 5548 717 5597 statuto
740 5541 1079 5614 poenitentiae
1100 5538 1356 5612 tempori,
1382 5536 1631 5610 quandiu
1651 5551 1825 5593 sacer-

206 5629 325 5687 dos
370 5628 465 5702 qui
495 5629 876 5712 poenitentiam
904 5631 1056 5689 dedit
1083 5628 1416 5704 probaverit.

1938 3222 2244 3279 ecclesiam.

1939 3341 2069 3397 Cir.
2102 3337 2280 3395 XXV.
2323 3337 2400 3393 De
2436 3351 2542 3389 non
2576 3331 2888 3405 recipiendis
2924 3328 3113 3385 alienis
3145 3324 3533 3398 pcenitentibns.

2332 3426 2421 3481 Ex
2448 3422 2638 3479 eodem
2671 3421 2833 3487 libro,
2865 3434 2984 3489 cap.
3021 3415 3142 3471 131.

2014 3527 2114 3599 (vr.
2151 3525 2299 3599 129.)
2336 3523 2439 3592 Qui
2471 3538 2570 3594 pro
2604 3519 2806 3576 delicto
2835 3532 2936 3572 suo
2965 3531 2996 3570 a
3025 3512 3413 3572 communione
3442 3526 3538 3566 se-

1942 3625 2223 3691 parantur,
2268 3615 2473 3689 placuit
2498 3620 2560 3669 ut
2589 3613 2646 3667 in
2676 3609 3098 3683 quibuscunque
3140 3603 3276 3660 locis
3321 3603 3538 3658 fuerant

1942 3708 2173 3776 exclusi,
2214 3705 2419 3762 eisdem
2455 3702 2589 3760 locis
2623 3695 3070 3758 communionem
3110 3696 3533 3765 consequantur.

1942 3828 2073 3886 CAP.
2115 3824 2319 3885 XXVI.
2360 3824 2422 3880 Ut
2450 3827 2647 3892 tempus
2663 3816 3023 3892 paenitentiam
3048 3814 3103 3868 in
3129 3808 3539 3868 consideratione

2476 3889 2702 3965 episcopi
2729 3889 2998 3944 consistat.

2429 3982 2517 4038 Ex
2546 3980 2689 4037 libro
2715 3996 2815 4046 vn,
2846 3992 2966 4049 cap.
2998 3975 3053 4030 5.

2018 4086 2143 4155 (vn,
2179 4082 2255 4153 3.)
2305 4081 2475 4136 Penes
2529 4079 2812 4150 episcopos
2851 4077 2957 4132 erit
3001 4076 3260 4146 potestas,
3312 4064 3534 4155 modum

1945 4169 2380 4232 conversationis
2403 4167 2790 4240 paenitentiam
2815 4165 3124 4238 probantes,
3139 4159 3225 4214 vel
3242 4154 3540 4213 humanius

1946 4279 2069 4335 erga
2098 4279 2188 4319 eos
2216 4277 2390 4335 agere,
2426 4259 2514 4314 vel
2555 4259 2792 4330 amplius
2828 4264 3046 4326 tempus
3092 4251 3345 4322 adjicere.
3395 4246 3541 4301 Ante

1945 4362 2129 4417 omnia
2157 4376 2289 4415 vero
2315 4356 2626 4431 praecedens
2655 4369 2842 4411 eorum
2874 4352 3008 4417 vita,
3042 4358 3095 4404 et
3132 4340 3400 4416 posterior
3442 4338 3541 4393 in-

1866 4500 1912 4557 D
1946 4455 2196 4527 quiratur
2230 4470 2240 4508 :
2287 4458 2340 4507 et
2369 4449 2445 4505 ita
2473 4448 2552 4504 eis
2583 4445 2933 4519 impartiatur
2960 4438 3296 4497 humanitas.

1944 4570 2074 4629 Car.
2116 4566 2348 4624 XXVII.
2389 4564 2466 4620 De
2507 4561 2871 4633 pcenitentium
2916 4555 3303 4613 conversatione
3334 4560 3380 4610 et
3417 4554 3535 4626 fide.

2368 4654 2456 4710 Ex
2482 4651 2673 4708 eodem
2705 4651 2865 4717 libro,
2896 4666 3014 4721 cap.
3056 4648 3108 4704 6.

2017 4757 2141 4827 (vn,
2174 4736 2254 4824 lt.)
2288 4749 2645 4809 Conversatio
2675 4746 3064 4823 paenitentiam
3084 4752 3137 4803 et
3161 4744 3297 4802 ﬁdes
3324 4751 3540 4817 tempus

1942 4844 2247 4903 abbreviat.

2085 4961 2218 5020 CAP.
2252 4958 2510 5016 XXVIII.
2551 4958 2628 5013 De
2664 4955 3024 5027 satisfactione
3056 4950 3393 5026 pmnitcntiaz.

2436 5050 2523 5104 Ex
2556 5046 2769 5115 eodem,
2802 5062 2920 5118 cap.
2954 5043 3043 5101 20.

2014 5153 2139 5223 (vn,
2170 5149 2284 5219 12.)
2316 5145 2627 5204 Satisfactio
2651 5141 2987 5217 pcenitentiae
3017 5155 3127 5195 non
3153 5144 3235 5193 est
3267 5144 3376 5192 tam
3404 5139 3538 5189 tem-

1939 5240 2087 5314 poris
2120 5237 2484 5309 longitudine,
2517 5250 2680 5308 quam
2712 5231 2895 5290 cordis
2923 5226 3352 5301 compunctione
3397 5237 3540 5296 pen—

1942 5329 2130 5386 sanda.

2177 5424 2308 5483 CAP.
2342 5422 2551 5478 XXIX.
2593 5422 2670 5477 De
2701 5434 2950 5474 mensura
2968 5412 3307 5489 poenitentiae.

2441 5521 2528 5576 Ex
2564 5518 2776 5585 eodem,
2813 5532 2931 5588 cap.
2964 5514 3052 5571 21.

2010 5626 2090 5695 (v,
2115 5624 2232 5696 68.)
2265 5624 2532 5695 Tempora
2562 5615 2925 5692 paenitudinis
2945 5614 3133 5672 habita
3160 5610 3540 5671 moderatione

3384 268 3520 328 1082
3606 291 3611 296 “
