4056 6190
473 244 608 301 1083
1579 236 1810 294 ISAACI
1849 236 2089 295 EPISCO

2208 234 2660 293 LINGONENSIS
3621 237 3785 295 1084

471 398 522 447 et
561 388 791 445 arbitrio
840 394 969 445 sunt
1009 387 1414 456 constituenda,
1465 395 1640 460 prout
1674 403 2067 444 conversorum
2099 391 2146 450 Α
2178 387 2383 443 lientur
2420 394 2584 459 atque
2611 385 3008 457 dijudicentur,
3041 387 3511 460 consolenturque
3534 395 3591 444 et
3618 406 3805 462 prae-

473 479 686 535 animos
733 478 1040 535 sacerdotes
1084 477 1328 534 viderint
1385 493 1500 535 esse
1547 479 1772 535 devotos
1809 497 1820 534 :
1869 479 2072 552 pariter
2181 475 2436 533 dicentur
2465 475 2598 548 quid
2627 475 2886 548 deinceps
2911 491 3087 547 agere,
3112 473 3316 547 quidve
3332 476 3511 532 vitare
3537 476 3810 534 debeant

475 568 638 624 etiam
669 568 931 625 habentes
958 566 1134 623 aetatis
1167 568 1359 623 senilis
1388 567 1676 635 intuitum,
1707 575 1759 623 et
1790 568 2072 639 periculo—
2183 567 2565 623 instruantur:
2601 575 2760 638 atque
2791 566 3014 637 insuper
3037 565 3246 621 divinis
3263 566 3520 638 precibus
3541 584 3636 640 per
3674 585 3816 626 ma-

476 673 599 713 rum
630 673 979 731 quorumque
1005 665 1100 713 aut
1129 657 1524 728 aegritudinum
1570 656 1921 730 respicientes
1965 672 2074 712 ne-
2183 676 2288 716 nus
2316 659 2725 731 impositionem
2744 658 2810 715 ab
2832 659 3088 732 episcopo
3117 665 3399 714 sanentur.
3427 659 3595 716 Nullo
3626 677 3816 716 nam-

476 746 775 802 cessitates.
2183 765 2288 822 que
2335 757 2579 822 tempore
2618 747 2940 820 presbytero
2991 746 3050 803 in
3101 747 3321 820 publica
3373 747 3541 804 missa
3593 750 3820 821 paeni-

2184 846 2388 894 tentem
2435 839 2792 894 reconciliare
2831 837 2950 892 sine
3001 835 3228 893 licentia
3255 837 3499 908 episcopi
3543 855 3824 895 conces-

2185 944 2304 984 sum
2335 935 2433 984 est.
2466 928 2524 983 Si
2554 927 2678 1001 quis
2708 926 2812 982 hoc
2839 926 3018 983 facere
3046 926 3475 998 praesumpserit,
3515 927 3828 985 canonica

2187 1020 2523 1077 correctione
2554 1019 2871 1076 mulctetur.

550 859 678 915 CAP.
711 860 891 915 XXX.
920 861 999 916 De
1025 859 1252 914 arbitrio
1281 859 1505 930 episcopi
1530 876 1654 931 erga
1678 861 1999 932 pamitentes.

894 949 983 1005 Ex
1011 948 1201 1004 eodem
1231 948 1394 1016 libro,
1423 965 1540 1020 cap.
1575 949 1662 1006 30.

554 1059 680 1128 (vu,
733 1057 846 1129 18.)
896 1057 1298 1116 Paenitentibus
1352 1057 1652 1114 secundum
1707 1058 2076 1115 differentiam

482 1155 828 1219 peccatorum
877 1147 1119 1220 episcopi
1166 1146 1397 1203 arbitrio
1446 1147 1784 1219 paenitentiae
1832 1156 2079 1221 tempora

481 1235 866 1292 decernantur.

700 1354 829 1411 Car.
862 1355 1069 1412 XXXI.
1097 1357 1174 1412 De
1202 1355 1504 1412 remissione
1526 1355 1864 1427 prenitentia’.

985 1447 1071 1502 Ex
1097 1447 1308 1516 eodem,
1341 1464 1459 1520 cap.
1494 1447 1582 1503 36.

556 1567 636 1630 (ν,
691 1561 806 1630 67.)
864 1559 1217 1627 Pmnitentes,
1267 1558 1580 1631 quicunque
1623 1573 1692 1612 ex
1740 1556 2084 1629 gravioribus

482 1651 599 1706 sive
647 1667 715 1706 ex
763 1647 1066 1703 levioribus
1115 1648 1292 1720 culpis
1343 1647 1724 1719 paenitentiam
1773 1655 1987 1719 gerunt,
2036 1645 2083 1700 si

484 1739 638 1794 nulla
684 1737 988 1794 intervenit
1023 1735 1312 1809 aegritudo,
1344 1737 1538 1810 quinta
1562 1736 1696 1792 feria
1726 1743 1851 1791 ante
1881 1735 2085 1791 Pascha
2118 1757 2164 1818 Β

482 1827 561 1884 eis
577 1835 658 1883 est
678 1827 1091 1883 remittendum.
1117 1826 1386 1883 Caeterum
1411 1825 1476 1880 de
1501 1825 1738 1897 pondere
1758 1825 2083 1880 :estimando

482 1915 811 1972 delictorum
843 1913 1143 1970 sacerdotis
1163 1921 1244 1969 est
1275 1913 1543 1984 judicare.

483 2030 615 2087 CAP.
644 2030 878 2086 XXXII.
907 2030 1058 2109 Quod
1079 2029 1448 2098 paenitentibus
1478 2029 1631 2109 auita
1665 2016 1813 2083 lucra
1841 2029 2084 2100 negotia-

917 2106 1073 2153 tionis
1099 2115 1336 2154 exercere
1357 2106 1647 2156 conveniat.

980 2189 1068 2244 Ex
1097 2187 1310 2256 eodem,
1335 2205 1452 2261 cap.
1487 2190 1576 2246 68.

558 2300 683 2370 (VII,
716 2297 832 2368 44.)
863 2297 1026 2354 Nulla
1068 2298 1223 2354 lucra
1268 2297 1658 2365 negotiationis
1687 2297 2086 2368 pmnitentibus

483 2403 737 2444 exercere
765 2387 1046 2455 convenit,
1093 2387 1223 2460 quia
1253 2386 1481 2444 diﬂicile
1512 2397 1592 2444 est
1621 2389 1766 2445 inter
1794 2388 2086 2445 vendentis

483 2477 822 2551 emeritisque
877 2476 1273 2534 commercium
1332 2492 1444 2532 non
1495 2477 1831 2534 intervenire
1887 2493 2087 2550 pecca-

486 2573 626 2622 tum.

484 2678 616 2737 CAP.
654 2679 914 2737 XXXIII.
953 2682 1016 2738 Ut
1047 2682 1540 2809 nemobpmlnitfntem
1570 2681 1794 2740 alterius
1817 2682 2088 2754 parochias

1153 2772 1188 2809 a
1223 2771 1279 2808 so
1305 2772 1369 2809 va
1399 2797 1412 2809 .

1153 2771 1412 2810 aosowat.

986 2843 1073 2896 Ex
1101 2842 1316 2910 eodem,
1347 2860 1465 2914 cap.
1501 2845 1587 2900 77.

558 2951 684 3014 (vn,
716 2945 832 3018 49.)
863 2947 1061 3003 Nullus
1094 2948 1346 3004 sacerdos
1376 2950 1434 3003 in
1463 2949 1690 3005 alterius
1719 2949 1964 3017 civitate,
1998 2950 2084 3005 vel

484 3033 727 3105 dioecesi,
762 3037 1139 3108 pienitentem,
1173 3037 1261 3092 vel
1293 3039 1395 3094 sub
1427 3054 1593 3094 manu
1629 3038 1869 3109 positum
1899 3054 2088 3094 sacer-

485 3126 653 3195 dotis,
683 3126 771 3183 vel
811 3127 906 3200 qui
955 3127 1372 3185 reconciliatum
1420 3145 1480 3184 se
1525 3144 1640 3183 esse
1693 3128 1921 3196 dixerit,
1969 3128 2088 3183 sine
2125 3120 2166 3177 (Ζ

485 3233 758 3274 consensu
785 3224 839 3274 et
865 3217 1066 3274 litteris
1093 3219 1356 3291 episcopi,
1391 3217 1479 3276 vel
1511 3217 1838 3291 presbyteri,
1882 3217 1939 3272 in
1984 3233 2088 3288 pa-

487 3307 674 3364 rochia
700 3308 1008 3381 presbyter,
1048 3317 1144 3366 aut
1189 3308 1479 3382 episcopus
1524 3308 1583 3364 in
1631 3306 1857 3364 civitate
1903 3306 2088 3363 susci-

489 3398 620 3470 piat.
1547 3396 1554 3403 ’

485 3515 617 3572 CAP.
654 3513 912 3573 XXXIV.
946 3515 1024 3572 De
1051 3516 1134 3571 his
1172 3513 1639 3596 qui,_poenitentia
1686 3518 1914 3585 accepta,
1965 3529 2086 3568 mo-

1162 3594 1404 3642 riuntur.

966 3674 1055 3728 Ex
1083 3673 1297 3742 eodem,
1326 3689 1446 3744 cap.
1475 3672 1595 3728 138.

559 3783 684 3850 (vn,
723 3779 870 3850 101.)
900 3781 979 3836 De
1003 3778 1093 3835 bis
1122 3780 1216 3850 qui
1244 3781 1507 3838 recedunt
1536 3780 1602 3835 de
1630 3796 1856 3852 corpore
1900 3783 2088 3852 poeni-

490 3867 660 3924 tentia
705 3875 948 3940 accepta,
995 3870 1204 3941 placuit
1251 3870 1370 3925 sine
1418 3867 1860 3924 reconciliatoria
1894 3886 2087 3926 manus

488 3957 840 4031 irnpositione
870 3959 949 4014 eis
970 3959 1399 4025 communicare,
1432 3956 1579 4031 quod
1610 3958 1897 4013 morientis
1925 3961 2088 4015 sutIi-

485 4042 562 4098 cit
590 4041 980 4109 consolationi,
1015 4041 1319 4098 secundum
1347 4040 1699 4098 deﬁnitiones
1723 4042 1969 4110 Patrum,
1992 4042 2086 4114 qui

489 4126 803 4200 hujusmodi
826 4130 1272 4188 communionem
1305 4138 1669 4202 congruenter
1698 4130 1963 4187 viaticum
1992 4148 2086 4186 no-

486 4217 787 4276 minarunt.
830 4219 988 4288 Quod
1033 4220 1079 4276 si
1127 4220 1556 4292 supervixerint,
1597 4227 1742 4276 stent
1790 4221 1846 4276 in
1894 4221 2086 4276 ordine

487 4306 895 4380 ptenitentium,
951 4304 1029 4377 ut,
1090 4310 1324 4366 ostensis
1373 4309 1695 4366 necessariis
1747 4311 2086 4383 poenitentiae

487 4397 777 4467 fructibus,
803 4399 1105 4472 legitimam
1128 4400 1575 4456 communionem
1609 4417 1735 4458 cum
1769 4401 2086 4458 reconcilia-

486 4487 625 4543 toria
647 4503 842 4544 manus
871 4488 1224 4560 impositione
1252 4490 1504 4546 recitent.

482 4607 611 4664 ΕΜ».
637 4607 872 4664 XXXV.
921 4610 984 4664 Ut
1027 4610 1210 4664 nuitus
1240 4609 1513 4679 presbyter
1555 4607 1858 4678 poenitentes
1895 4607 2087 4664 incon-

765 4680 902 4734 sulto
931 4680 1167 4750 episcopo
1207 4681 1548 4735 reconciliare
1584 4679 1797 4736 audeat.

889 4767 979 4822 Ex
1008 4767 1200 4824 eodem
1232 4767 1357 4837 lib.,
1386 4785 1506 4841 cap.
1541 4768 1664 4824 202.

555 4879 680 4941 (vri,
717 4871 866 4944 143.)
895 4871 1173 4930 Statutum
1204 4881 1306 4942 est,
1339 4883 1393 4931 et
1432 4875 1490 4930 in
1529 4875 1733 4931 sanctis
1777 4877 2086 4932 canonibus

482 4961 848 5036 prohibitum,
862 4971 925 5019 ut
947 4965 1136 5020 nullus
1157 4965 1445 5038 presbyter
1463 4965 1821 5038 pcenitentem
1844 4966 2081 5038 publice,

480 5057 795 5113 inconsulto
850 5057 1126 5129 episcopo,
1186 5057 1544 5112 reconciliare
1600 5065 1913 5128 praesumat,
1976 5060 2084 5115 nisi

480 5158 654 5207 morte
682 5152 823 5208 forte
855 5150 1255 5222 periclitantem
1293 5167 1303 5204 :
1347 5149 1441 5205 sed
1487 5165 1676 5206 omnes
1706 5151 1925 5222 publice
1956 5169 2082 5224 pue-

479 5239 715 5296 nitentes
767 5239 962 5312 quinta
1009 5238 1146 5295 feria
1195 5245 1320 5293 ante
1365 5237 1588 5307 Pascha,
1640 5256 1761 5311 quae
1804 5247 1886 5296 est
1930 5257 2086 5298 crena

485 5327 725 5396 Domini,
758 5327 826 5384 ad
855 5327 1136 5385 civitatein
1170 5326 1227 5382 in
1253 5327 1436 5383 cinere
1464 5337 1516 5383 et
1546 5327 1732 5384 cilicio
1766 5327 1820 5383 in
1853 5345 2084 5401 praesen-

483 5418 611 5473 tiam
641 5421 884 5494 episcopi
922 5427 1195 5494 prostrato
1224 5420 1385 5476 vultu
1414 5421 1770 5489 conveniant,
1811 5429 1865 5478 et
1903 5422 1980 5476 ibi
2015 5421 2082 5476 ab

477 5505 734 5579 episcopo
769 5511 1032 5568 canonice
1061 5519 1114 5568 et
1145 5509 1552 5579 ordinabiliter,
1587 5511 1729 5569 sicut
1773 5512 1831 5567 in
1881 5511 2083 5567 Sacra-

477 5596 750 5650 intentario
778 5605 830 5651 et
855 5599 910 5656 in
933 5602 1178 5656 Romanu
1208 5600 1401 5656 ordine
1439 5601 1777 5667 continetur,
1822 5600 2081 5655 reconci-

2259 1137 2390 1192 Car.
2422 1134 2682 1194 XXXVI.
2718 1137 2822 1204 Qui
2867 1137 3005 1218 luget
3017 1134 3300 1216 abstinere
3344 1133 3556 1190 debeata
3581 1155 3740 1192 con-

2893 1224 3072 1262 vivus.

2676 1296 2762 1352 Ex
2804 1295 3019 1361 eodem,
3050 1311 3168 1367 cap.
3203 1294 3328 1351 243.

2265 1397 2390 1470 (vn,
2429 1395 2576 1467 143.)
2606 1395 2710 1463 Qui
2745 1396 2892 1467 luget
2922 1395 3200 1452 abstinere
3221 1411 3250 1450 a
3280 1397 3577 1465 conviviis,
3613 1414 3685 1454 ac
3719 1413 3827 1453 or-

2193 1486 2469 1544 namentis
2499 1495 2552 1542 et
2581 1486 2705 1541 alba
2726 1493 2891 1541 veste.

2193 1607 2326 1664 CAP.
2354 1603 2638 1662 XXXVII.
2672 1604 2748 1659 De
2756 1603 3142 1676 paenitentibus,
3185 1603 3413 1672 qualiter
3432 1604 3826 1676 penitentiam

2742 1675 2957 1729 debeant
3010 1678 3262 1746 accipere.

2675 1763 2761 1819 Ex
2787 1764 3000 1832 eodem,
3033 1780 3151 1836 cap.
3187 1764 3308 1820 310.

2267 1863 2387 1934 (vn,
2419 1861 2570 1933 231.)
2603 1861 2958 1929 Pmnitentes,
2997 1869 3240 1934 tempore
3267 1878 3378 1934 quo
3409 1864 3830 1936 paenitentiam

2197 1959 2408 2024 petunt,
2436 1951 2846 2021 impositionem
2870 1967 3062 2006 manus
3091 1958 3144 2005 et
3171 1949 3422 2006 cilicium
3450 1968 3480 2006 a
3509 1955 3822 2011 sacerdote

2194 2051 2627 2116 consequantur;
2664 2052 2715 2099 et
2741 2043 2787 2099 si
2815 2051 2911 2099 aut
2932 2059 3116 2099 comas
3141 2059 3251 2098 non
3282 2042 3666 2114 deposuerint,
3714 2055 3820 2101 aut

2198 2132 2520 2188 vestimenta
2537 2149 2647 2188 non
2671 2133 3029 2198 mutaverint,
3048 2132 3380 2203 abyicianlur
3398 2151 3408 2187 :
3429 2139 3481 2186 et
3504 2134 3616 2189 nisi
3634 2135 3820 2207 digne

2197 2222 2571 2294 puenituerint,
2606 2241 2720 2281 non
2751 2227 3109 2299 recipiantur.
3141 2225 3450 2281 Juvenibus
3488 2227 3660 2283 etiam
3692 2245 3818 2284 non

2197 2314 2356 2370 facile
2379 2315 2701 2386 paenitentia
2716 2315 3114 2372 committenda
3132 2323 3232 2384 est,
3260 2325 3483 2389 propter
3501 2317 3688 2373 aetatis
3703 2317 3819 2372 frao

2197 2402 2481 2472 gilitatem.
2508 2404 2786 2462 Viaticum
2813 2412 2993 2460 tamen
3023 2404 3285 2460 omnibus
3310 2404 3368 2460 in
3391 2415 3569 2462 morte
3603 2405 3821 2477 positis

2197 2509 2307 2548 non
2338 2494 2743 2567 denegandum.

2195 2611 2326 2669 Car.
2358 2611 2672 2669 XXXVIII.
2704 2613 2781 2668 De
2800 2613 3172 2684 paenitentibus
3201 2630 3334 2684 quce,
3370 2613 3636 2685 defunctis
3667 2618 3820 2671 ciris

2621 2685 2748 2740 aliis
2784 2685 2975 2739 nubere
3007 2691 3363 2756 primu-munt.

2659 2773 2747 2828 Ex
2783 2772 2995 2842 eodem,
3041 2790 3159 2847 cap.
3195 2775 3318 2830 317.

2271 2881 2396 2942 (vn,
2429 2871 2581 2944 237.)
2609 2872 2887 2928 Poenitens
2917 2889 3058 2945 quae,
3091 2871 3355 2929 defuncto
3386 2873 3525 2941 viro,
3563 2873 3678 2930 alio
3704 2892 3815 2931 nu-

2197 2963 2322 3017 bere
2349 2964 2775 3035 praesumpserit,
2802 2970 2855 3019 et
2885 2980 3004 3036 qua;
3038 2964 3122 3019 vel
3171 2971 3440 3036 suspecta,
3492 2965 3580 3019 vel
3621 2965 3818 3022 inter-

2197 3051 2342 3108 dicta
2391 3053 2766 3110 familiaritate
2822 3069 2949 3109 cum
2991 3061 3254 3109 extraneo
3301 3069 3357 3109 se
3404 3052 3806 3124 conjunxerit,

2195 3157 2322 3196 cum
2369 3143 2560 3198 eodem
2613 3159 2644 3198 a
2702 3141 2990 3198 liminibus
3036 3143 3279 3200 ecclesia
3333 3151 3604 3199 arceatur.
3677 3146 3822 3202 Haec

2196 3228 2361 3284 etiam
2391 3237 2444 3284 et
2481 3230 2549 3284 de
2602 3230 2722 3285 viro
2767 3231 2827 3285 in
2884 3229 3206 3302 pmnitentia
3244 3230 3424 3302 posito
3469 3232 3681 3304 placuit
3712 3235 3817 3289 ob-

2196 3333 2401 3374 servari
2410 3363 2422 3375 .

2198 3435 2330 3490 CAP.
2362 3435 2625 3510 XXXIX.
2650 3435 2726 3491 De
2753 3435 3166 3510 confessionibus
3186 3437 3421 3508 ﬁdelium
3451 3439 3808 3510 accipiendis,

2268 3508 2502 3590 qualiter
2531 3524 2640 3590 pro
2653 3508 2874 3589 .modulo
2897 3514 2944 3562 et
2969 3507 3228 3578 qualitate
3254 3510 3324 3564 sit
3346 3507 3667 3581 paenitentia:
3680 3519 3812 3567 tem-

2266 3586 2416 3648 poris
2435 3586 2714 3635 institutio.

2684 3667 2772 3724 Ex
2811 3669 3023 3736 eodem,
3058 3685 3178 3742 cap.
3215 3669 3300 3726 78.

2271 3767 2395 3834 (vn,
2434 3765 2585 3837 294.)
2619 3767 2982 3834 Quaerendum
3014 3783 3251 3840 namque
3294 3777 3396 3836 est,
3443 3786 3573 3827 cum
3600 3771 3810 3844 accipit

2196 3852 2490 3925 cujuslibet
2511 3854 2690 3912 ﬁdelis
2724 3857 3124 3913 confessionem
3153 3866 3523 3930 peccatorum,
3556 3860 3812 3931 qualiter

2196 3943 2374 4014 primo
2404 3951 2686 4015 peccatum
2729 3955 3124 4019 perpetratum,
3165 3955 3259 4003 aut
3306 3946 3354 4002 si
3403 3956 3592 4019 postea
3621 3949 3809 4004 itera-

2199 4041 2334 4100 tum,
2367 4040 2461 4089 aut
2489 4035 2803 4108 frequenter
2823 4044 3006 4092 actum
3038 4036 3109 4092 sit
3137 4055 3147 4092 :
3185 4037 3230 4092 si
3262 4044 3479 4109 sponte,
3512 4037 3558 4092 si
3583 4047 3803 4103 coacte,

2196 4121 2239 4176 si
2265 4138 2360 4194 per
2387 4122 2835 4192 ebrietatem,aut
2853 4125 3140 4197 quodlibet
3161 4125 3445 4197 ingenium
3470 4127 3678 4182 factum
3696 4127 3803 4194 sit,

2195 4219 2249 4266 et
2276 4227 2402 4268 cum
2433 4211 2707 4268 invenerit
2728 4213 2874 4268 unde
2890 4213 3049 4268 radix
3079 4213 3232 4270 illius
3261 4214 3472 4286 peccati
3503 4215 3804 4287 processit,

2196 4307 2329 4358 tunc
2378 4317 2673 4372 congruam
2717 4301 2978 4358 adhibeat
3026 4303 3381 4360 medicinam.
3435 4304 3630 4370 Qualis
3659 4321 3802 4359 vero

2198 4391 2404 4462 peccati
2450 4391 2760 4448 adhibenda
2798 4393 2870 4449 sit
2919 4393 3216 4461 medicina,
3267 4394 3573 4450 secundum
3622 4412 3808 4452 cano—

2113 4477 2160 4536 D
2195 4495 2326 4535 num
2365 4479 2811 4537 authenticorum
2843 4489 2896 4536 et
2943 4489 3260 4538 sanctorum
3292 4482 3516 4538 Patrum
3543 4498 3659 4539 esse
3688 4484 3806 4540 de-

2199 4569 2288 4625 bet
2317 4570 2746 4639 institutionem,
2779 4578 2831 4627 et
2871 4587 2983 4626 non
3028 4571 3332 4628 secundum
3381 4571 3652 4643 placitum
3685 4573 3807 4630 ho—

2200 4657 2385 4727 minis,
2418 4657 2513 4714 sed
2543 4659 2848 4717 secundum
2895 4659 2995 4715 Dei
3043 4661 3386 4716 voluntatem
3413 4679 3425 4716 :
3473 4677 3574 4718 nec
3605 4663 3663 4718 in
3695 4663 3808 4721 hac

2199 4753 2349 4817 parte
2378 4748 2635 4803 voluntas
2663 4755 2757 4803 aut
2795 4748 2966 4820 gratia
2997 4747 3242 4804 hominis
3271 4749 3530 4804 sectanda
3557 4758 3662 4817 est,
3704 4755 3805 4809 sed

2198 4837 2452 4892 voluntas
2490 4838 2588 4893 Dei
2612 4838 2669 4893 in
2701 4837 2960 4894 omnibus
2990 4839 3349 4911 exquirenda,
3385 4847 3660 4911 quatenus
3689 4840 3800 4897 di-

2197 4926 2316 4996 gnis
2345 4924 2598 4996 precibus
2643 4934 2695 4982 et
2745 4925 3090 5000 pmnitudine
3134 4928 3300 5000 digna
3353 4929 3566 4999 placare
3616 4930 3801 5000 possit

2197 5015 2590 5086 omnipotentis
2619 5016 2719 5072 Dei
2751 5017 3079 5085 vindictam,
3113 5034 3279 5091 quam
3309 5035 3407 5074 suo
3430 5018 3568 5072 vitio
3597 5033 3802 5090 provo-

2198 5109 2363 5160 navit.

2804 5206 3096 5262 TITULUS
3118 5207 3184 5262 II.

2762 5321 2833 5360 DE
2899 5321 3220 5362 HOMICIDIIS.

2550 5422 2680 5477 Cap.
2705 5423 2746 5477 Ι.
2795 5423 2870 5479 De
2887 5423 3204 5496 presbyteris
3232 5424 3431 5478 occisis.

2655 5510 2741 5566 Ex
2773 5509 2916 5567 libro
2954 5530 3014 5580 v,
3050 5528 3170 5585 cap.
3209 5511 3326 5568 186.

2266 5600 2411 5672 (Lib.
2440 5621 2494 5659 iv
2520 5605 2988 5680 Capitular.,cap.
3014 5608 3128 5678 15.)
3163 5606 3471 5679 Presbyteri
3507 5606 3799 5662 interfecti
