4056 6190
235 289 384 345 1085

1725 277 2068 336 CANONES.

3414 283 3550 339 1086

232 441 522 515 episcOpo,
551 435 621 493 ad
657 433 815 507 cujus
861 433 1174 508 parochiam
1206 432 1504 508 pertinent,
1550 430 1839 490 solvantur
1866 436 1916 496 Α
1944 439 2145 499 terum,
2167 446 2234 488 nc
2263 429 2502 488 solidos:
2537 432 2634 504 qui
2672 431 3011 504 episcopum,
3047 449 3243 491 Dcccc:
3294 434 3388 508 qui
3422 451 3550 492 mo-

233 527 549 588 secundum
579 523 886 597 capitulare
916 525 1138 598 gloriosi
1161 523 1342 583 Caroli
1364 522 1629 594 genitoris
1652 523 1847 591 nostri,

235 621 321 678 ita
351 615 613 674 videlicet
653 621 714 670 ut
762 613 1109 670 medietatem
1142 612 1385 684 wirgildi
1415 611 1534 684 ejus
1563 612 1850 684 episcopus

235 705 584 766 utilitatibus
611 703 854 760 ecclesiae
885 703 974 760 cui
1015 702 1239 776 praefuit
1277 702 1506 771 tribuat,
1539 710 1592 758 et
1621 704 1846 758 alteram

237 796 600 856 medietatem
624 794 682 850 in
703 793 1052 866 eleemosyna
1072 792 1225 848 illius
1238 790 1388 863 juste
1406 791 1702 865 dispenset,
1721 791 1850 865 quia

239 889 434 945 nullus
465 885 625 942 nobis
646 883 764 956 ejus
787 884 959 940 haeres
980 883 1286 957 proximior
1306 883 1546 952 videtur,
1569 899 1731 956 quam
1753 883 1846 938 ille

238 977 338 1052 qui
363 977 542 1050 ipsum
565 972 804 1030 Domino
829 973 1079 1030 sociavit.

242 1086 378 1145 Car.
413 1085 483 1140 Il.
513 1082 592 1138 De
620 1080 918 1137 homicidiis
941 1082 996 1136 in
1021 1083 1244 1164 ecclesiis
1274 1085 1352 1140 vel
1380 1083 1436 1138 in
1481 1081 1638 1139 atriis
1667 1099 1847 1138 eorum

873 1160 1213 1226 perpetratis.

725 1244 813 1300 Ex
843 1241 1056 1312 eodem,
1099 1260 1218 1317 cap.
1243 1243 1370 1302 220.

313 1338 416 1410 (ιγ,
455 1336 564 1408 13.)
595 1336 653 1392 Si
683 1335 808 1410 quis
836 1343 931 1392 aut
949 1351 1018 1392 ex
1040 1337 1149 1392 levi
1179 1352 1362 1404 causa,
1393 1343 1486 1392 aut
1513 1337 1633 1392 sine
1662 1351 1842 1406 causa,

240 1427 527 1485 hominem
559 1425 902 1482 interfecerit
933 1425 991 1481 in
1021 1425 1269 1493 ecclesia,
1293 1426 1360 1482 de
1386 1425 1502 1482 vita
1530 1435 1843 1499 componat.

241 1519 298 1575 Si
319 1533 452 1574 vero
482 1515 617 1572 foris
636 1513 806 1571 rixati
833 1514 1062 1583 fuerint,
1087 1523 1143 1572 et
1161 1531 1307 1571 unus
1327 1516 1559 1572 alterum
1590 1515 1648 1571 in
1677 1516 1848 1573 eccle-

237 1609 377 1664 siam
404 1604 626 1678 fugerit,
672 1613 726 1660 et
754 1604 833 1661 ibi
864 1619 921 1660 so
950 1603 1298 1661 defendendo
1327 1621 1450 1661 eum
1483 1605 1841 1674 interfecerit,

237 1697 286 1754 si
321 1693 490 1766 hujus
522 1694 652 1751 facti
684 1700 854 1750 testes
900 1709 1013 1750 non
1063 1693 1338 1762 habuerit,
1379 1711 1503 1752 cum
1551 1694 1843 1751 duodecim

237 1785 687 1859 conjuratoribus
717 1783 1000 1855 legitimis,
1038 1801 1135 1856 per
1168 1793 1573 1842 sacramentum
1612 1785 1846 1841 aﬂirmet
1876 1801 1918 1862 Β

237 1895 296 1936 se
330 1874 678 1934 defendendo
722 1890 846 1932 eum
877 1874 1218 1932 interfecisse
1251 1893 1262 1933 :
1295 1884 1350 1932 et
1379 1877 1622 1948 posthaec
1652 1895 1719 1933 nc
1749 1895 1848 1934 so-

241 1968 387 2027 lidos
415 1967 484 2023 ad
517 1973 726 2039 partem
773 1963 1020 2021 ecclesia
1048 1979 1212 2037 quam
1256 1964 1355 2020 illo
1386 1964 1688 2022 homicidio
1718 1967 1848 2038 pol-

239 2059 438 2124 luerat,
462 2065 516 2113 et
535 2055 760 2127 insuper
788 2053 1033 2109 bannum
1056 2060 1312 2109 nostrum
1334 2055 1548 2110 solvere
1572 2064 1798 2127 cogatur
1831 2073 1842 2110 :

237 2148 285 2202 is
314 2161 452 2202 vero
481 2145 577 2218 qui
618 2143 943 2200 interfectus
972 2150 1055 2199 est
1091 2142 1297 2216 absque
1325 2144 1725 2216 compositione
1751 2143 1848 2216 ja-

235 2248 385 2308 ceat,
414 2255 478 2296 ac
506 2236 704 2294 deinde
724 2236 1045 2293 interfector
1066 2236 1369 2293 secundum
1392 2235 1665 2307 judicium
1688 2252 1847 2292 cano-

247 2330 439 2386 nicum
482 2343 777 2398 congruam
817 2326 1083 2383 facinoris
1131 2324 1279 2398 quod
1320 2324 1564 2392 admisit,
1614 2324 1848 2397 accipiat

251 2417 654 2491 paenitentiam.
688 2415 743 2472 Si
767 2431 958 2472 servus
990 2414 1095 2472 hoc
1119 2414 1426 2481 admiserit,
1450 2413 1664 2486 judicio
1693 2430 1846 2487 aqua

245 2506 513 2563 ferventis
537 2505 904 2574 examinetur,
937 2512 1124 2560 utrum
1155 2504 1261 2561 hoc
1305 2512 1517 2576 sponte,
1552 2520 1622 2561 an
1660 2519 1716 2560 se
1743 2502 1848 2558 de-

248 2593 528 2652 fendendo
560 2593 712 2664 fecit,
735 2602 788 2650 et
809 2595 854 2650 si
884 2610 1077 2650 manus
1096 2593 1213 2665 ejus
1239 2601 1434 2648 exusta
1465 2590 1652 2661 fuerit,
1683 2593 1847 2648 inter-

247 2685 469 2742 ﬁciatur
501 2701 514 2739 :
545 2685 591 2740 si
621 2693 801 2740 autem
843 2700 953 2739 non
997 2683 1184 2751 fuerit,
1218 2682 1476 2738 dominus
1510 2681 1664 2736 illius
1686 2679 1849 2752 juxta

240 2775 396 2849 quod
419 2773 709 2847 wirgildus
733 2774 887 2831 illius
905 2781 987 2830 est
1011 2773 1081 2830 ad
1111 2774 1398 2832 ecclesiam
1429 2773 1723 2846 persolvat,
1757 2779 1850 2828 aut

239 2883 366 2922 eum
399 2867 444 2922 si
476 2864 716 2923 voluerit
743 2864 923 2922 eidem
953 2864 1197 2921 ecclesia
1237 2864 1434 2920 tradat.
1478 2864 1556 2919 De
1585 2861 1848 2918 ecclesia-

249 2955 416 3024 stico,
447 2964 500 3011 et
527 2955 798 3023 ﬁscalino,
829 2963 883 3010 et
908 2953 1261 3010 beneﬁciario
1290 2969 1471 3020 servo,
1500 2952 1759 3007 volumus
1789 2958 1850 3006 ut

246 3063 346 3118 pro
368 3063 478 3102 una
497 3045 619 3103 vice
640 3045 931 3117 wirgildus
951 3043 1068 3116 ejus
1089 3059 1187 3116 pro
1203 3059 1267 3098 eo
1287 3049 1667 3114 componatur,
1681 3041 1850 3096 altera

243 3137 366 3192 vice
395 3134 508 3208 ipse
537 3151 730 3192 servus
761 3135 830 3191 ad
878 3133 1213 3206 supplicium
1254 3131 1520 3198 tradatur,
1561 3129 1850 3186 hareditas

244 3233 426 3280 tamen
467 3223 627 3280 liberi
669 3221 934 3289 hominis,
984 3221 1080 3294 qui
1129 3228 1349 3292 propter
1388 3221 1496 3274 tale
1537 3219 1752 3275 facinus
1776 3219 1844 3274 ad

253 3319 484 3368 mortem
514 3312 683 3370 fuerit
708 3311 1010 3384 judicatus,
1039 3309 1108 3366 ad
1133 3309 1409 3383 legitimos
1431 3307 1674 3364 haredes
1698 3307 1848 3363 illius

245 3401 548 3473 perveniat.
574 3401 630 3457 Si
663 3401 719 3456 in
750 3400 891 3457 atrio
937 3400 1202 3466 ecclesia,
1230 3397 1389 3468 cujus
1417 3405 1574 3468 porta
1600 3396 1848 3469 reliquiis

240 3503 557 3552 sanctorum
594 3499 911 3552 consecrata
939 3499 1039 3557 est,
1071 3489 1457 3562 hujuscemodi
1485 3489 1844 3546 homicidium

240 3591 613 3656 perpetratum
643 3581 832 3646 fuerit,
864 3578 1033 3633 simili
1065 3578 1228 3634 modo
1249 3577 1569 3634 emendetur
1585 3579 1671 3634 vel
1702 3596 1846 3635 como

240 3679 500 3745 ponatur.
532 3669 590 3724 Si
618 3683 749 3722 vero
779 3675 936 3738 porta
965 3665 1208 3722 ecclesia
1247 3682 1360 3721 non
1390 3674 1475 3722 est
1511 3675 1844 3736 consecrata,

235 3778 306 3816 eo
335 3758 508 3814 modo
537 3772 656 3812 com
667 3763 900 3827 ponatur
919 3754 1066 3827 quod
1095 3754 1152 3810 in
1174 3755 1316 3811 atrio
1335 3756 1723 3824 committitur,
1747 3758 1846 3812 sic-

237 3858 300 3905 ut
330 3845 592 3919 componi
623 3844 786 3901 debet
811 3843 959 3918 quod
1007 3844 1310 3902 emunitate
1348 3845 1556 3902 violata
1581 3845 1848 3904 commit.-

239 3939 402 3993 titur.

315 4034 449 4091 CAP.
476 4033 568 4090 III.
591 4032 671 4087 De
695 4031 914 4113 homine.
927 4031 1194 4173 ptuby'cqgt
1215 4030 1576 4103 pamitentiam
1603 4039 1780 4104 agente

893 4120 950 4156 in
978 4120 1036 4158 er
1065 4120 1117 4156 ec
1178 4145 1190 4157 .

893 4120 1190 4158 interiecw.

722 4192 808 4248 Ex
843 4190 1060 4260 eodem,
1093 4206 1212 4263 cap.
1247 4189 1371 4247 234.

319 4299 398 4358 (v,
461 4291 574 4361 18.)
631 4288 738 4356 Qui
793 4288 1078 4344 hominem
1135 4287 1414 4360 publicam
1469 4286 1847 4360 paenitentiam

241 4391 490 4455 agentem
547 4381 909 4449 interfecerit,
967 4381 1212 4436 bannum
1286 4387 1537 4437 nostrum
1594 4381 1652 4437 in
1684 4381 1851 4456 triplo

245 4482 558 4547 componat,
591 4482 645 4530 et
671 4472 988 4546 wirgildum
1020 4470 1293 4544 proximis
1332 4469 1452 4543 ejus
1481 4473 1774 4544 persolvat.

493 4581 624 4640 CAP.
657 4581 754 4639 IV.
785 4581 863 4637 De
897 4578 1193 4635 homicidiis
1236 4578 1590 4650 prohibendis.

737 4669 822 4724 Ex
852 4668 1065 4734 eodem,
1098 4683 1216 4739 cap.
1245 4667 1368 4723 236.

319 4762 424 4829 (tv,
454 4759 574 4830 20.)
607 4757 934 4830 Quicunque
965 4754 1246 4812 hominem
1277 4763 1371 4811 aut
1408 4772 1477 4812 ex
1519 4756 1626 4813 levi
1669 4773 1849 4825 causa,

243 4861 342 4909 aut
370 4853 489 4909 sine
531 4867 696 4908 causa
733 4847 1092 4915 interfecerit,
1141 4846 1461 4920 wirgildum
1503 4847 1620 4920 ejus
1666 4849 1735 4905 iis
1783 4849 1852 4906 ad

243 4956 386 5015 quos
433 4939 528 4995 ille
577 4938 832 5010 pertinet,
877 4942 1174 5009 componat
1228 4954 1239 4992 ς
1286 4936 1402 5008 ipse
1453 4954 1584 4994 vero
1634 4947 1854 5011 propter

246 5031 412 5085 talem
444 5029 926 5101 praesumptionem
951 5029 1008 5083 in
1031 5026 1288 5082 exsilium
1315 5027 1566 5084 mittatur
1587 5028 1655 5084 ad
1684 5045 1852 5102 quan-

245 5126 364 5173 tum
414 5125 632 5192 tempus
678 5116 840 5174 nobis
883 5115 1169 5190 placuerit,
1216 5129 1302 5170 res
1344 5121 1527 5170 tamen
1575 5132 1700 5172 suas
1741 5134 1848 5173 non

242 5207 488 5264 amittat.

317 5310 450 5368 CAP.
489 5313 559 5371 V.
591 5313 669 5371 De
695 5312 948 5371 occisione
978 5311 1312 5378 clericorum,
1356 5314 1404 5364 et
1433 5308 1780 5377 sacerdotum,

763 5391 920 5458 atque
947 5383 1338 5439 monachorum.

731 5473 817 5529 Ex
849 5471 1061 5538 eodem,
1097 5485 1213 5542 cap.
1249 5467 1373 5525 261.

327 5561 437 5628 (ιιι,
472 5559 588 5631 25.)
630 5559 737 5627 Qui
768 5559 1167 5616 subdiaconum
1196 5557 1481 5626 occiderit,
1522 5574 1616 5614 ccc
1648 5558 1854 5616 solidos

245 5656 544 5720 componat
576 5665 588 5704 :
623 5649 717 5722 qui
747 5649 1063 5715 diaconum,
1095 5663 1220 5701 cccc
1241 5645 1448 5704 solidos
1473 5663 1484 5702 :
1510 5646 1604 5721 qui
1626 5647 1849 5719 presby-

1881 4527 1928 4586 D

1959 518 2218 588 nachum,
2252 536 2402 576 cccc.
2435 518 2642 576 solidos
2669 520 2961 594 culpabilis
2979 521 3282 594 judicetur.

2028 640 2159 698 CAP.
2194 640 2288 697 VI.
2317 643 2396 714 De
2430 659 2486 696 eo
2514 644 2606 712 qui
2649 645 2929 714 propriam
2984 642 3204 712 reliquit
3230 660 3475 708 ita-orem,

2170 714 2249 768 vet
2278 713 2390 769 sine
2425 715 2580 784 culpa
2612 713 2874 786 interficit,
2909 720 2954 769 et
2979 714 3147 772 aliam
3175 715 3336 772 ducit.

2428 802 2514 856 Ex
2549 802 2761 870 eodem,
2797 819 2916 874 cap.
2951 802 3074 859 300.

2030 908 2112 979 (v,
2156 908 2304 979 149.)
2336 908 2682 983 Quicunque,
2714 913 2935 982 propria
2955 888 3434 982 uxore-derelicta,
3465 917 3552 970 vel

1956 997 2077 1052 sine
2103 999 2265 1070 culpa
2285 998 2592 1067 interfecta,
2625 1000 2792 1056 aliam
2821 1000 3063 1070 duxerit,
3097 1001 3265 1056 armis
3292 1002 3557 1074 depositis

1957 1096 2232 1168 publicam
2262 1105 2384 1169 agat
2406 1097 2786 1169 pauitantiam
2813 1117 2824 1154 :
2857 1106 2911 1154 et
2941 1098 2986 1154 si
3018 1105 3319 1156 contumax
3366 1099 3553 1166 fuerit,

1955 1185 2454 1257 comprehendatur
2481 1204 2512 1242 a
2541 1188 2767 1256 comite,
2797 1195 2852 1244 et
2877 1189 3022 1244 ferro
3052 1187 3348 1255 vinciatur,
3399 1195 3455 1243 et
3497 1186 3556 1244 in

1954 1278 2260 1336 custodiam
2283 1279 2556 1348 mittatur,
2598 1279 2773 1338 donec
2818 1297 2902 1338 res
2927 1279 2993 1337 ad
3025 1288 3268 1338 nostram
3300 1279 3552 1336 notitiam

1953 1366 2280 1424 deducatur.

2061 1482 2194 1541 CAP.
2227 1484 2345 1542 VII.
2387 1485 2450 1542 Ut
2483 1501 2588 1538 non
2610 1485 2676 1539 sit
2700 1485 2974 1555 sanguinis
3017 1486 3446 1542 Christianorum

2500 1557 2780 1612 temeraria
2809 1559 3011 1628 effusio.

2415 1644 2504 1699 Ex
2557 1645 2770 1714 eodem,
2819 1662 2938 1718 cap.
2992 1646 3118 1702 332.

2028 1750 2108 1822 (v,
2139 1750 2284 1821 180.)
2318 1751 2590 1808 Volumus
2645 1760 2808 1824 atque
2855 1752 3206 1826 pracipimus
3236 1762 3423 1810 nostra
3450 1770 3556 1810 au-

1955 1843 2210 1900 ctoritate
2239 1842 2555 1899 denuntiari
2585 1844 2863 1913 omnibus,
2904 1845 3015 1901 imo
3036 1854 3090 1902 et
3117 1863 3148 1901 a
3185 1845 3559 1902 sacerdotibus

1957 1932 2261 2006 praedicari,
2297 1948 2364 1988 ne
2398 1940 2506 1988 tam
2531 1935 2817 1990 temeraria
2855 1934 3298 1992 Christianorum
3324 1937 3559 2007 sangui-

1956 2021 2044 2077 nis
2090 2020 2284 2076 eﬂ'usio
2339 2021 2398 2076 in
2444 2037 2610 2093 regno
2657 2029 2846 2078 nostro
2893 2022 3012 2079 ﬁeri
3045 2024 3294 2090 sinatur;
3347 2040 3560 2095 semper

1957 2110 2095 2166 illud
2116 2109 2461 2166 attendentes
2493 2110 2641 2184 quod
2661 2111 2932 2168 Dominus
2961 2121 3084 2184 post
3115 2111 3396 2167 diluvium
3415 2111 3562 2170 dixit

1956 2199 2164 2254 famulo
2192 2216 2292 2255 suo
2321 2199 2434 2256 Noe
2459 2219 2470 2256 :
2508 2201 2581 2255 De
2607 2219 2770 2257 manu
2801 2203 3047 2272 hominis,
3079 2209 3126 2258 et
3154 2203 3216 2259 de
3243 2220 3407 2258 manu
3455 2203 3563 2258 viri

1956 2293 2004 2344 et
2030 2287 2226 2359 fratris
2280 2288 2410 2358 ejus,
2468 2289 2744 2360 requiram
2798 2293 3034 2348 animam
3074 2291 3208 2361 eius.
3257 2292 3562 2363 Quicunque

1956 2377 2198 2446 effuderit
2226 2378 2510 2432 humanum
2571 2379 2900 2450 sanguinem,
2956 2381 3211 2451 fundetur
3237 2380 3453 2451 sanguis
3496 2381 3560 2438 il-

1960 2468 2082 2534 lius,
2122 2467 2193 2522 ad
2222 2467 2500 2538 imaginem
2546 2469 2738 2540 quippe
2782 2470 2884 2524 Dei
2919 2469 3092 2540 factus
3122 2474 3197 2524 est
3224 2470 3374 2524 homo
3399 2470 3554 2540 (Gen,

1958 2557 2066 2625 1x).
2116 2556 2188 2611 Et
2217 2556 2273 2612 in
2315 2556 2466 2628 lege:
2506 2557 2608 2624 Qui
2664 2558 2910 2613 occide-rit
2958 2559 3213 2614 hominem
3243 2564 3410 2614 morte
3436 2575 3560 2614 mo-

1957 2645 2136 2698 riatur
2159 2644 2347 2713 (Leuit.
2371 2645 2555 2715 xxiv).
2583 2647 2652 2700 Et
2668 2646 2986 2717 Apostolus:
3013 2649 3150 2703 Nam
3171 2647 3436 2718 principes
3451 2664 3556 2702 non

1957 2741 2080 2790 sunt
2120 2735 2299 2790 timori
2328 2735 2448 2790 boni
2476 2736 2672 2807 operis,
2714 2736 2804 2791 sed
2833 2737 2983 2792 mali.
3019 2737 3102 2794 Vis
3123 2744 3299 2792 autem
3345 2754 3452 2792 non
3481 2737 3560 2792 ti—

1957 2839 2097 2878 mere
2121 2827 2471 2895 potestatem?
2525 2825 2717 2880 bonum
2762 2825 2874 2896 fac,
2920 2832 2968 2881 et
3015 2826 3222 2882 habebis
3254 2825 3460 2881 laudem
3497 2843 3562 2881 ea:

1961 2912 2078 2968 illa.
2101 2914 2202 2970 Dei
2238 2914 2375 2969 enim
2403 2913 2642 2969 minister
2671 2920 2747 2968 est
2776 2913 2869 2969 tibi
2899 2914 2954 2968 in
2987 2914 3138 2970 bono.
3178 2914 3236 2970 Si
3261 2921 3432 2970 autem
3452 2933 3560 2971 ma-

1963 3001 2070 3056 lum
2091 3001 2296 3073 feceris,
2337 3002 2474 3072 time,
2498 3019 2604 3057 non
2624 3003 2762 3058 enim
2788 3003 2898 3058 sine
2918 3020 3079 3059 causa
3094 3004 3335 3074 gladium
3359 3010 3558 3075 portat.

1963 3090 2058 3146 Dei
2094 3091 2231 3146 enim
2263 3093 2501 3147 minister
2547 3098 2640 3158 est,
2671 3091 2866 3147 vin-dea:
2897 3092 2953 3145 in
2979 3093 3118 3146 iram
3165 3093 3211 3147 ei
3239 3093 3332 3162 qui
3361 3095 3562 3148 malum

1880 3165 1922 3227 Ο
1953 3179 2062 3248 agit
2087 3180 2268 3249 (Rom.
2303 3180 2425 3249 xv}.
2453 3179 2640 3235 Deillo
2653 3179 2802 3234 enim
2816 3178 3127 3252 specialiter
3142 3178 3334 3236 divina
3360 3189 3561 3238 aucto-

1958 3269 2091 3323 ritas
2115 3267 2252 3324 dicit
2275 3287 2286 3324 :
2345 3269 2595 3324 Gladium
2623 3269 2720 3324 Det
2747 3275 2929 3339 portat
2957 3268 3028 3323 ad
3064 3268 3351 3324 vindictam
3382 3271 3548 3326 malo-

1957 3374 2100 3425 rum,
2124 3373 2235 3412 non
2265 3355 2332 3412 de
2355 3344 2602 3428 quolibet
2631 3357 2761 3412 alio.
2811 3358 3052 3414 Econtra
3110 3373 3240 3412 vero
3285 3358 3562 3415 nescimus

1959 3464 2064 3520 qua
2093 3445 2414 3502 inventione
2440 3462 2470 3501 a
2501 3445 2786 3501 nonnullis
2813 3454 3136 3518 usurpatum
3163 3453 3264 3515 est,
3293 3454 3352 3501 ut
3380 3447 3438 3502 hi
3466 3448 3559 3520 qui

1960 3535 2112 3590 nullo
2139 3534 2447 3590 ministerio
2461 3533 2685 3607 publico
2705 3534 3034 3603 fulciuntur,
3058 3542 3279 3608 propter
3291 3551 3392 3590 sua
3412 3534 3558 3604 odia,

1958 3633 2012 3681 et
2041 3625 2443 3681 diversissimas
2471 3626 2786 3680 voluntates
2813 3625 3098 3698 pessimas,
3121 3625 3430 3681 indebitum
3449 3626 3555 3682 sibi

1971 3713 2289 3786 usurparint
2316 3713 2374 3770 in
2404 3713 2754 3771 vindicandis
2785 3713 3053 3786 proximis
3084 3721 3138 3768 et
3169 3713 3562 3771 interﬁciendis

1959 3802 2281 3860 hominibus
2301 3804 2561 3861 vindicta
2578 3804 2972 3860 ministerium.
2991 3805 3060 3859 Et
3081 3804 3228 3876 quod
3247 3820 3345 3860 rex
3371 3805 3560 3861 saltem

1961 3895 2017 3949 in
2057 3913 2169 3952 uno
2195 3912 2449 3954 exercere
2491 3896 2754 3953 debuerat
2782 3905 3001 3968 propter
3047 3904 3313 3952 terrorem
3348 3897 3564 3952 multo—-

1962 4001 2106 4054 rum,
2147 3986 2251 4058 ipsi
2281 3986 2630 4058 impudenter
2661 3985 2718 4042 in
2746 3986 2937 4042 multis
2967 3993 3275 4058 perpetrare
3312 4001 3422 4040 non
3456 4001 3561 4040 me-

1959 4082 2126 4131 tuunt
2142 4085 2363 4148 propter
2395 4076 2621 4132 odium:
2657 4083 2711 4131 et
2742 4085 2938 4148 putant
2967 4075 3071 4132 sibi
3104 4076 3268 4133 licere
3289 4074 3564 4132 obinimi-

1961 4163 2217 4219 citiarum
2243 4164 2536 4233 vindictas,
2561 4164 2707 4238 quod
2728 4168 2928 4220 nolunt
2947 4174 3009 4221 ut
3032 4183 3130 4221 rex
3149 4167 3313 4222 faciat
3345 4173 3568 4239 propter

1962 4255 2059 4310 Dei
2090 4253 2417 4310 vindictam.

1963 4372 2093 4429 Car.
2123 4371 2270 4429 Vlll.
2302 4371 2379 4426 De
2405 4387 2463 4424 eo
2492 4367 2584 4439 qui
2617 4366 2864 4422 occiderit
2904 4367 3170 4435 clericum,
3221 4375 3316 4423 aut
3370 4385 3565 4424 mona-

2386 4443 2556 4508 chum,
2584 4445 2639 4494 ut
2668 4455 2826 4494 arma
2854 4439 3141 4508 relinquat.

2451 4531 2537 4586 Ex
2567 4527 2663 4584 lib.
2697 4545 2776 4597 vr,
2808 4541 2927 4600 cap.
2970 4527 3060 4584 90.

2035 4645 2136 4711 (γι,
2168 4638 2283 4712 90.)
2314 4639 2419 4708 Qui
2449 4637 2714 4696 occiderit
2763 4637 3094 4694 monachum
3148 4644 3243 4692 aut
3270 4637 3559 4705 clericum,

1958 4748 2107 4787 arma
2139 4730 2432 4803 relinquat,
2461 4737 2515 4785 et
2537 4731 2651 4786 Deo
2671 4728 2730 4783 in
2758 4727 3092 4785 monasterio
3121 4726 3326 4783 serviat
3347 4728 3566 4784 cunctis

1958 4817 2152 4874 diebus
2181 4818 2308 4877 vita
2346 4836 2478 4888 sua,
2511 4833 2793 4892 nunquam
2821 4817 2889 4873 ad
2927 4817 3188 4876 saculum
3221 4832 3560 4876 reversurus.

1959 4916 2012 4964 et
2067 4917 2272 4983 septem
2321 4925 2591 4965 annorum
2646 4909 2824 4981 spatio
2866 4908 3146 4982 publicam
3179 4906 3561 4981 pauitantiam

1961 5006 2134 5070 gerat.

1961 5113 2089 5170 CAP.
2123 5114 2220 5169 IX.
2255 5115 2332 5169 De
2358 5114 2715 5170 sacerdotibus
2762 5120 2810 5168 et
2859 5113 3028 5167 lenitis
3079 5116 3234 5180 atque
3296 5107 3563 5164 monachis

2388 5186 2674 5257 interfectis
2716 5187 2796 5240 vel
2824 5183 3130 5238 debilitatis.

2461 5278 2548 5333 Ex
2570 5276 2784 5343 eodem,
2816 5291 2936 5347 cap.
2971 5273 3063 5333 98.

2033 5385 2137 5453 (vr,
2168 5383 2286 5452 97.)
2315 5356 2372 5439 Si
2403 5382 2526 5455 quis
2547 5381 2903 5449 sacerdotem,
2937 5380 3023 5436 vel
3054 5379 3296 5446 levitam,
3325 5385 3420 5434 aut
3451 5395 3559 5434 mo-

1963 5470 2196 5528 nachum
2232 5471 2595 5538 interfecerit,
2625 5473 2711 5528 vel
2738 5469 3138 5538 debilitaverit,
3169 5467 3332 5542 juxta
3359 5475 3562 5524 statuta

1963 5561 2208 5633 priorum
2233 5561 2626 5633 capitulorum,
2669 5576 2789 5632 quae
2824 5560 2926 5630 legi
2959 5558 3150 5615 Salica
3191 5565 3317 5614 sunt
3351 5556 3556 5623 addita,

1960 5655 2273 5722 componat,
2303 5654 2357 5703 et
2389 5647 2610 5718 insuper
2653 5645 2893 5700 bannum
2928 5653 3196 5712 nostrum,
3242 5643 3298 5699 id
3341 5651 3424 5699 est
3451 5660 3559 5696 axx
