4056 6190
500 280 638 338 1087

1613 270 1847 329 ISAACI
1882 266 2199 325 EPISCOPI
2238 264 2697 323 LINGONENSIS

3654 266 3828 322 1088

487 429 714 499 solidos,
743 426 902 484 nobis
932 428 1227 501 persolvat,
1284 443 1435 484 arma
1486 426 1785 499 relinquat,
1834 430 1998 497 atque
2031 420 2088 476 in
2119 421 2170 482 A
2202 419 2487 476 mulierem
2539 418 2862 490 legitimam,
2910 417 2956 473 si
3002 416 3169 473 frater
3225 417 3344 489 ejus
3410 418 3834 479 adulteravcrit

488 520 820 578 monasterio
848 519 1042 577 diebus
1083 520 1213 577 vitae
1242 536 1353 577 suae
1405 518 1507 575 sub
1559 518 1727 574 ardua
1772 513 2095 590 pmnitentia

487 616 602 672 Deo
631 613 855 682 serviat,
887 627 1168 684 nunquam
1192 610 1542 684 postmodum
1578 608 1780 665 saeculo
1797 606 1885 663 vel
1921 621 2091 662 saecu-

489 704 697 761 laribus
728 703 1092 771 militaturus,
1124 717 1300 775 neque
1329 700 1493 757 uxori
1523 699 1899 771 copulaturus.

489 823 623 886 CAP.
666 823 737 881 X.
790 823 940 894 Quod
995 821 1269 894 homicidia
1293 826 1414 876 ante
1442 819 1609 875 Deum
1639 817 1970 891 deputentur,
2001 813 2094 886 qui

983 911 1068 950 res
1095 893 1317 949 ecclesia:
1344 897 1573 947 vastant.

935 984 1025 1040 Ex
1078 982 1291 1052 eodem,
1358 998 1476 1054 cap.
1521 980 1646 1038 421.

562 1086 665 1155 (vr,
698 1080 856 1154 324.)
875 1081 1148 1138 Volumus
1176 1098 1369 1138 omnes
1397 1082 1538 1139 scire
1568 1081 1716 1155 quod
1746 1081 1841 1154 qui
1882 1078 2090 1138 Christi

489 1184 544 1233 et
570 1176 831 1234 Ecclesiae
849 1173 1109 1248 pecunias
1139 1174 1416 1243 auferunt,
1450 1191 1644 1249 resque
1673 1174 1790 1247 ejus
1812 1173 2090 1244 fraudant,

488 1266 732 1340 rapiunt,
748 1273 988 1334 vastant,
1006 1267 1094 1322 vel
1116 1264 1411 1338 diripiunt,
1430 1264 1724 1323 homicidae
1754 1265 1897 1338 apud
1919 1267 2091 1322 Deum

489 1371 603 1412 esse
634 1356 989 1429 deputantur,
1013 1356 1143 1428 quia
1172 1371 1257 1411 res
1286 1371 1608 1428 pauperum,
1668 1371 1806 1428 quos
1847 1355 2094 1413 Ecclesia

490 1464 710 1522 pascere
732 1446 913 1516 debet,
945 1446 1240 1520 diripiunt.

777 1560 909 1619 CAP.
943 1560 1040 1616 XI.
1074 1560 1152 1616 De
1180 1559 1474 1615 homicidiis
1510 1559 1796 1631 infantum.

944 1650 1032 1705 Ex
1058 1649 1204 1706 libro
1234 1667 1313 1720 vr,
1343 1666 1462 1723 cap.
1496 1650 1617 1708 166.

2203 526 2326 567 cum
2353 525 2436 578 ea,
2468 509 2563 565 ille
2592 509 2778 579 frater,
2812 509 2899 565 vel
2931 508 3026 563 illa
3078 509 3306 575 femina,
3336 508 3431 581 qui
3463 508 3830 566 adulterium

2204 606 2673 672 perpetraverunt,
2732 598 2953 656 interim
3025 598 3171 670 quod
3239 598 3463 667 vivunt,
3521 614 3830 671 nunquam

2204 684 2442 742 habeant
2469 686 2707 759 amplius
2753 684 3069 757 conjugium
3105 702 3117 740 :
3152 684 3247 740 ille
3293 701 3426 742 vero
3472 686 3631 760 cujus
3665 704 3835 743 uxor

2202 775 2329 844 fuit,
2382 776 2429 832 si
2486 776 2627 845 vult,
2687 781 3010 848 potestatem
3067 772 3232 831 habet
3285 790 3519 831 uxorem
3560 776 3833 849 accipere

2202 866 2387 921 aliam.

2202 1003 2333 1063 CAP.
2369 1005 2437 1063 II.
2467 1004 2545 1062 De
2570 1000 2651 1060 his
2679 1001 2773 1074 qui
2802 1000 3095 1074 virginibus
3129 1001 3237 1057 Deo
3285 1000 3456 1057 sacris
3495 1018 3548 1058 se
3581 1002 3830 1059 sociant.

2660 1110 2747 1166 Ex
2780 1108 2925 1165 libro
2951 1125 3030 1178 vi,
3063 1124 3181 1180 cap.
3216 1106 3340 1163 402.

2272 1228 2351 1284 De
2379 1225 2468 1282 his
2496 1225 2589 1298 qui
2619 1226 2789 1282 sacris
2818 1222 3132 1297 virginibus
3156 1239 3213 1279 se
3241 1223 3473 1293 sociant,
3507 1223 3580 1279 ita
3610 1224 3671 1279 in
3698 1224 3837 1281 de-

2202 1317 2367 1375 cretis
2397 1332 2545 1389 papae
2575 1314 2776 1371 Gelasii
2807 1324 2925 1387 cap.
2974 1313 3042 1371 20
3090 1313 3408 1370 continetur
3436 1332 3447 1370 :
3480 1313 3837 1386 Virginibus

2202 1404 2371 1464 sacris
2417 1414 2620 1462 temere
2668 1420 2724 1460 se
2772 1403 3035 1478 quosdam
3069 1403 3279 1461 sociare
3322 1404 3703 1475 cognovimus,
3765 1411 3832 1460 et

2206 1505 2327 1569 post
2353 1496 2594 1553 dicatum
2625 1496 2740 1552 Deo
2768 1494 3108 1566 propositum
3142 1494 3350 1550 incesta
3388 1492 3590 1550 foedera
3620 1493 3834 1551 sacri-

2206 1587 2429 1659 legaque
2457 1585 2704 1641 miscere.
2748 1582 2895 1650 Quos
2928 1582 3182 1655 protinus
3225 1599 3443 1655 aequum
3491 1593 3571 1640 est
3596 1601 3629 1639 a
3657 1600 3833 1641 sacra

2204 1676 2593 1732 communione
2622 1673 2862 1742 detrudi,
2890 1680 2943 1729 et
2974 1672 3082 1728 nisi
3111 1671 3389 1744 publicam
3417 1673 3833 1747 probatamque

560 1748 682 1817 (vn,
718 1748 868 1820 121.)
895 1749 949 1805 Si
982 1751 1107 1824 quis
1146 1751 1415 1809 infantem
1468 1752 1767 1821 necaverit,
1807 1758 1871 1807 ut
1910 1749 2076 1808 homi.

2205 1766 2415 1838 egerint
2454 1763 2856 1838 paenitentiam,
2902 1762 3131 1818 omnino
3174 1778 3285 1818 non
3332 1763 3525 1837 recipi,
3572 1772 3674 1819 aut
3714 1763 3823 1820 his

385 1887 394 1898 .
485 1836 610 1894 cida
646 1845 913 1896 teneatur.

656 1947 786 2007 (Lar.
811 1948 934 2004 XII.
968 1949 1045 2005 De
1073 1950 1351 2027 homicidis
1376 1952 1505 2023 quid
1531 1954 1792 2024 agendum
1820 1953 1909 2009 sit.

867 2038 956 2092 Ex
992 2036 1183 2092 eodem
1226 2038 1389 2107 libro,
1420 2056 1540 2111 cap.
1576 2041 1698 2097 255.

560 2134 685 2206 (vn,
724 2132 871 2203 183.)
904 2134 982 2189 De
1030 2132 1329 2191 homicidis
1365 2136 1442 2191 ita
1467 2135 1735 2209 jussimus
1774 2137 2084 2210 observare,

485 2230 546 2278 ut
606 2222 922 2295 quicunque
966 2239 1103 2279 ausu
1164 2225 1457 2279 temerario
1521 2226 1692 2281 alium
1753 2226 1872 2283 sine
1926 2244 2088 2285 causa

484 2307 769 2377 occiderit,
830 2308 959 2367 vitae
990 2309 1235 2383 periculo
1268 2310 1519 2379 feriatur,
1570 2319 1625 2367 et
1678 2313 1854 2384 pretio
1906 2330 1962 2370 se
1992 2332 2088 2370 re-

484 2396 692 2454 dimere
749 2414 1030 2473 nunquam
1079 2400 1295 2456 valeat:
1347 2407 1401 2455 et
1458 2400 1502 2455 si
1534 2402 1877 2471 convenerit,
1920 2410 1981 2457 ut
2019 2404 2087 2461 ad

482 2486 937 2561 compositionem
995 2488 1226 2562 quisque
1274 2488 1587 2559 descendat,
1636 2491 1825 2546 nullus
1871 2491 1937 2548 de
1982 2510 2087 2566 pa-

484 2577 735 2633 rentibus
763 2584 857 2632 aut
886 2576 1079 2634 amicis
1108 2593 1235 2633 eum
1283 2578 1581 2651 quidquam
1639 2578 1880 2651 adjuvet.
1928 2581 2085 2650 Quod

484 2665 529 2721 si
562 2666 772 2735 fecerit,
805 2682 966 2722 suum
997 2666 1311 2738 wirgildum
1343 2668 1570 2724 omnino
1601 2674 1915 2742 Componat.

484 2771 614 2829 CAP.
641 2772 898 2844 XIIIsDe
924 2772 1005 2827 his
1032 2773 1125 2842 qui
1143 2774 1300 2843 prius
1342 2791 1447 2830 non
1485 2777 1728 2832 habentes
1757 2776 1961 2844 odium,
1994 2778 2086 2835 sed

552 2860 604 2897 se
630 2842 976 2967 iquendfntes,
1014 2842 1247 2915 aliquem
1286 2847 1586 2916 occiderint,
1637 2849 1869 2919 qualiter
1916 2842 2081 2906 cor-ri-

553 2928 668 2967 aeni
691 2931 705 2967 i
725 2928 807 2967 sin
838 2954 849 2967 .

551 2928 642 2984 gen
653 2928 705 2967 (ll
725 2928 849 2967 sint.

968 3003 1056 3059 Ex
1084 3003 1295 3073 eodem,
1328 3021 1447 3077 cap.
1482 3003 1604 3062 370.

554 3100 676 3171 (vn,
704 3100 854 3174 295.)
893 3100 950 3157 Si
998 3102 1122 3176 quis
1165 3102 1348 3176 quiete
1380 3102 1633 3175 gradiens
1663 3119 1758 3177 per
1780 3104 1947 3176 viam,
1983 3115 2073 3164 aut

477 3188 522 3245 si
553 3188 716 3246 etiam
750 3190 806 3246 in
839 3189 1004 3247 domo
1043 3208 1141 3247 sua
1168 3191 1355 3262 fuerit,
1386 3200 1481 3250 aut
1510 3192 1567 3249 in
1598 3194 1775 3267 platea
1804 3194 2070 3268 civitatis,

476 3288 569 3337 aut
600 3281 657 3334 in
686 3280 840 3349 villa,
874 3282 1057 3338 subito
1086 3282 1154 3337 ab
1185 3284 1295 3339 alio
1325 3283 1397 3339 sit
1428 3292 1813 3356 superventus,
1837 3295 1931 3343 aut
1958 3286 2073 3343 litis

475 3372 867 3441 commotione,
886 3374 1080 3430 volens
1108 3390 1165 3430 se
1193 3373 1506 3444 defendere,
1528 3392 1639 3431 non
1657 3374 1865 3431 habens
1885 3385 2074 3434 contra

475 3462 633 3519 illum
681 3473 809 3521 ante
862 3462 1074 3537 odium,
1126 3466 1465 3531 interfecerit
1512 3468 1817 3539 hominem,
1866 3478 2073 3543 septem

472 3555 632 3611 annis
660 3556 962 3613 secundum
993 3558 1314 3615 canonicam
1339 3544 1748 3615 institutionem
1781 3561 2070 3631 poeniteat:

478 3653 588 3701 tres
614 3662 746 3701 vero
777 3663 807 3701 a
833 3647 1223 3703 communione
1252 3648 1521 3719 privetur,
1552 3656 1785 3719 quatuor
1811 3657 1992 3703 autem
2015 3649 2074 3705 in

471 3737 863 3792 communione
892 3737 1069 3793 oratio
1108 3753 1240 3793 num
1290 3746 1344 3793 et
1380 3736 1726 3793 oblationum
1766 3749 2070 3811 susceptus,

470 3823 527 3879 in
551 3825 850 3882 sacerdotis
866 3826 1099 3898 pendeat
1128 3826 1380 3895 arbitrio,
1416 3833 1603 3881 utrum
1634 3826 1835 3897 dignus
1856 3828 1927 3883 sit
1958 3846 2071 3884 cor-

470 3928 572 3985 pus
629 3912 837 3971 Christi
896 3915 1162 3987 accipere,
1216 3902 1310 3969 aut
1370 3930 1539 3985 usque
1571 3914 1637 3969 ad
1669 3915 2072 3986 plenitudinem

468 4001 807 4072 poenitentiae
835 4002 903 4058 ab
933 4019 996 4059 co
1025 4002 1283 4074 separari.
1343 4002 1695 4059 Abstinentia
1724 4004 1974 4062 ciborum
2014 4008 2073 4064 in

468 4089 817 4160 providentia
845 4091 1283 4161 sacerdotiserit,
1318 4094 1619 4149 secundum
1650 4094 2070 4167 possibilitatem

467 4180 804 4252 p-Bnitcnlis,
838 4192 891 4241 et
921 4183 1295 4255 devotionem,
1333 4191 1386 4241 et
1406 4185 1683 4243 affectum.

538 4286 667 4346 Car.
702 4289 851 4348 XIV.
883 4290 963 4347 De
985 4292 1301 4368 mulieribus
1322 4299 1369 4347 et
1400 4292 1535 4349 viris
1566 4293 1796 4365 infantes
1819 4297 1996 4368 oppri-

1124 4365 1399 4421 mentibus.

835 4452 1003 4509 Juxta
1053 4453 1452 4526 praetitulatum
1492 4462 1673 4528 caput.

534 4546 657 4619 (v11,
682 4548 832 4620 297.)
866 4549 1063 4605 Mulier
1100 4565 1217 4622 quae
1240 4548 1520 4608 dormiens
1550 4551 1730 4608 lium
1762 4568 1923 4609 suum
1954 4570 2061 4625 op-

460 4637 738 4708 presserit,
781 4646 835 4695 et
863 4646 1113 4694 mortuus
1169 4638 1356 4708 fuerit,
1396 4657 1490 4697 sex
1551 4642 1709 4699 annis
1740 4642 2002 4715 pmnitcat
2044 4660 2055 4698 :

459 4724 548 4779 vir
584 4725 721 4797 ejus,
773 4727 820 4781 si
849 4726 909 4782 in
932 4727 1097 4782 domo
1140 4725 1291 4784 illius
1334 4728 1460 4798 fuit,
1504 4740 1770 4803 quatuor;
1826 4732 1871 4788 si
1929 4749 2058 4788 vero

458 4812 516 4867 in
549 4829 658 4869 uno
688 4814 851 4882 lecto,
897 4815 1070 4871 simili
1112 4816 1276 4872 modo
1307 4818 1589 4889 poeniteat,
1639 4819 1776 4877 duos
1817 4822 1873 4876 in
1920 4838 2058 4893 pane

457 4910 509 4958 et
540 4919 698 4975 aqua,
737 4903 977 4976 reliquos
1020 4914 1273 4977 quatuor,
1338 4908 1641 4965 secundum
1694 4910 1839 4983 quod
1870 4928 2056 4967 sacer-

455 4993 554 5051 dos
583 4992 807 5064 viderit,
836 4993 1231 5051 abstinentiam
1258 4996 1509 5069 imponat
1536 4998 1805 5055 ciborum.

1045 5156 1337 5214 TITULUS
1376 5158 1470 5215 IIl.

1001 5274 1074 5315 DE
1136 5274 1461 5315 ADULTERIIS
1485 5302 1497 5315 .

451 5368 579 5426 Car.
617 5369 660 5425 .
690 5368 767 5425 De
794 5384 850 5424 eo
880 5367 973 5440 qni
1008 5366 1159 5423 habet
1188 5366 1457 5422 mulierem
1490 5367 1771 5439 legitimam
1797 5387 1817 5435 ;
1861 5370 1907 5425 si
1936 5369 2052 5440 fra-

810 5446 888 5495 ter
919 5438 1031 5510 ejus
1059 5439 1443 5497 adulteraverit
1474 5438 1590 5497 cum
1616 5458 1695 5498 ea.

937 5539 1023 5593 Ex
1052 5537 1193 5595 libro
1226 5557 1284 5608 v,
1313 5556 1431 5612 cap.
1466 5541 1553 5596 21.

528 5639 678 5709 (Lib.
712 5659 742 5696 v
776 5643 1099 5715 Capilular.,
1132 5665 1253 5721 cap.
1282 5650 1391 5720 19.)
1424 5649 1479 5705 Si
1503 5649 1624 5721 quis
1653 5650 1820 5706 homo
1848 5650 2054 5707 habens

2198 1866 2345 1915 certe
2372 1857 2639 1913 viaticum
2670 1855 2737 1912 de
2771 1854 2973 1912 saeculo
3022 1853 3433 1910 transeuntibus
3460 1861 3712 1926 negatur.
3748 1852 3815 1909 Si

2202 1964 2330 2003 vero
2358 1947 2424 2003 de
2453 1948 2804 2020 copulatione
2857 1961 3133 2003 sacrarum
3162 1946 3442 2018 virginum
3472 1955 3581 2003 tam
3613 1963 3817 2003 severe

2198 2034 2492 2104 feriuntur,
2526 2044 2733 2107 quanto
2758 2035 3005 2092 severius
3034 2034 3268 2091 feriendi
3293 2043 3425 2091 sunt
3454 2037 3547 2108 qui
3579 2052 3674 2091 eas
3703 2054 3817 2092 ra

2198 2125 2360 2197 piunt
2390 2126 2415 2181 ?
2445 2124 2593 2193 Ideo,
2656 2127 2799 2182 sicut
2855 2124 3195 2197 praemissum
3238 2131 3340 2193 est,
3383 2141 3599 2181 necesse
3629 2134 3712 2183 est
3743 2128 3817 2185 ab

2197 2214 2457 2269 omnibus
2473 2214 2531 2269 in
2553 2214 2870 2272 Christiana
2889 2213 3154 2286 religione
3173 2214 3607 2271 consistentibus
3628 2217 3817 2289 rigore

2197 2303 2540 2360 auctoritatis
2562 2302 2767 2360 divinae
2788 2303 2875 2360 vel
2901 2304 3157 2360 humana;
3180 2302 3219 2359 h
3234 2320 3286 2361 )c
3307 2304 3460 2361 malu
3480 2321 3515 2359 n
3540 2304 3815 2362 radicitus

2196 2391 2489 2463 amputari.

2198 2527 2324 2586 Car.
2352 2527 2445 2583 IlI.
2484 2527 2633 2595 Quod
2666 2527 3044 2598 blasphemiam
3073 2527 3182 2599 Deo
3216 2526 3436 2596 inferat,
3466 2526 3564 2599 qui
3606 2544 3662 2583 ]
3690 2545 3807 2582 cum

2656 2600 2764 2655 Deo
2793 2617 2945 2654 sacra
2961 2606 3007 2654 'a
3034 2598 3321 2654 miscuerit.

2584 2706 2671 2761 Ex
2704 2706 2837 2763 code
2860 2723 2892 2761 n
2926 2707 3088 2776 libro,
3130 2724 3159 2764 c
3182 2724 3250 2781 ip.
3284 2705 3409 2764 40).

2267 2821 2367 2893 (v1,
2409 2820 2559 2893 309.)
2605 2821 2755 2879 Scire
2786 2839 2883 2879 vos
2926 2822 3189 2879 convenit
3234 2822 3364 2896 quia
3397 2820 3803 2894 blasphemiam

2191 2911 2552 2983 Deoirrogat,
2587 2911 2681 2984 qui
2725 2929 2849 2969 cum
2894 2914 3008 2969 Deo
3052 2920 3278 2981 sacrata,
3324 2913 3411 2969 vel
3459 2928 3587 2969 cum
3622 2913 3802 2968 velata

2192 2999 2397 3055 femina
2422 3016 2478 3056 se
2508 3001 3016 3059 corninaculaverit.

2260 3131 2388 3191 Car.
2428 3133 2522 3191 IV.
2557 3133 2615 3189 Si
2642 3133 2861 3189 clericus
2890 3150 3005 3189 cum
3038 3136 3141 3215 fleo
3165 3137 3378 3189 sacrata
3407 3147 3460 3187 se
3491 3132 3718 3187 aanimi-

2881 3212 3091 3261 scnerit.

2575 3311 2658 3366 Ex
2690 3310 2879 3368 eodem
2911 3312 3072 3381 libro,
3114 3327 3231 3384 cap.
3265 3308 3388 3366 404.

2256 3424 2361 3495 (vi,
2389 3422 2542 3496 310.)
2574 3421 2631 3479 Si
2660 3424 2891 3481 clericus
2920 3442 3045 3481 cum
3079 3424 3254 3481 velata
3280 3423 3511 3492 femina,
3544 3423 3630 3480 vel
3663 3440 3792 3481 cum

2181 3515 2294 3570 Deo
2341 3520 2551 3570 sacrata
2592 3530 2648 3571 se
2698 3514 3075 3584 maculaverit,
3136 3513 3361 3588 proprio
3411 3512 3621 3569 honore
3672 3513 3795 3586 pri-

2185 3614 2374 3661 vetur.

2254 3737 2385 3795 CAP.
2409 3740 2477 3797 V.
2495 3742 2647 3808 Quod
2663 3741 2904 3811 sacrilegi
2921 3747 2966 3796 et
2986 3740 3270 3796 violatores
3280 3740 3449 3809 juxta
3473 3740 3789 3811 Apostoluiu

2235 3817 2377 3880 sunt,
2407 3814 2500 3884 qui
2527 3815 2732 3870 violant
2761 3820 3098 3869 sacratarum
3120 3813 3446 3884 feminarum
3478 3829 3728 3886 corpora.

2555 3968 2559 3972 .
2658 3918 2746 3973 Ex
2772 3917 2983 3988 eodem,
3017 3935 3136 3992 cap.
3179 3919 3305 3977 405.

2257 4033 2359 4105 (v1,
2391 4034 2542 4106 313.)
2575 4034 2869 4092 Sciendum
2899 4043 2980 4092 est
3023 4036 3282 4092 omnibus
3305 4035 3433 4109 quia
3468 4038 3583 4093 Deo
3608 4053 3785 4093 sacra-

2181 4132 2360 4182 tarum
2388 4125 2716 4183 feminarum
2746 4144 2974 4201 corpora
3005 4144 3098 4201 per
3130 4135 3322 4185 votum
3362 4129 3601 4201 propriae
3630 4145 3785 4201 spon-

2181 4218 2371 4289 sionis,
2404 4228 2458 4276 et
2482 4220 2647 4276 verba
2674 4221 2990 4291 sacerdotis,
3048 4223 3161 4278 Deo
3205 4229 3415 4279 sacrata
3443 4223 3649 4294 templa
3677 4238 3788 4278 esse

2178 4316 2582 4389 Scripturarum
2633 4319 2969 4376 testimoniis
3016 4321 3451 4394 comprobantur
3509 4338 3521 4375 :
3570 4327 3624 4374 et
3665 4318 3788 4374 ideo

2178 4409 2472 4466 violatnes
2502 4427 2689 4467 earuzn
2720 4412 2989 4483 sacrilegi,
3035 4428 3099 4469 ac
3122 4411 3285 4483 juxta
3324 4411 3656 4484 Apostolum
3686 4410 3787 4465 lilii

2091 4519 2142 4579 D
2176 4499 2506 4575 perditionis
2531 4519 2647 4560 esse
2678 4513 3008 4561 noscuntur.

2171 4641 2302 4700 Car.
2334 4643 2427 4699 VI.
2461 4642 2609 4709 Quod
2637 4618 2923 4717 fornicatio
2962 4643 3204 4717 omnibus
3247 4644 3478 4714 peccatis
3503 4642 3785 4717 periculo

2671 4713 2783 4768 sior
2812 4731 2917 4769 essc
2938 4713 3272 4785 perhibetur.

2646 4813 2732 4868 Ex
2762 4812 2978 4883 eodem,
3007 4830 3132 4887 cap.
3174 4813 3298 4872 406.

2241 4929 2341 4995 (vx,
2372 4929 2523 5000 312.)
2556 4928 2713 4995 Quod
2744 4947 2880 5002 pene
2909 4931 3168 4988 omnibus
3198 4932 3437 5005 peccatis
3468 4932 3690 5005 gravior
3715 4941 3773 4989 et

2168 5018 2406 5075 deterior
2434 5018 2505 5073 sit
2534 5018 2846 5088 fornicatio,
2902 5028 2955 5076 et
3002 5021 3271 5078 veraciter
3312 5021 3423 5078 dici
3472 5029 3653 5094 potest
3706 5023 3783 5077 la-

2168 5125 2339 5184 queus
2383 5108 2596 5178 mortis,
2630 5118 2683 5166 et
2738 5119 2933 5181 puteus
2981 5110 3207 5179 inferni,
3250 5127 3313 5169 ac
3347 5127 3554 5183 vorago
3598 5109 3779 5183 perdi-

2167 5206 2355 5274 tionis,
2388 5223 2450 5263 eo
2479 5207 2624 5279 quod
2655 5206 2890 5263 adulteri
2919 5207 3004 5263 vel
3031 5208 3303 5264 luxuriosi
3338 5215 3565 5280 propter
3595 5205 3783 5263 cordis

2167 5293 2408 5367 inopiam
2437 5295 2672 5366 perdunt
2694 5296 2904 5351 animas
2925 5313 3068 5353 suas.
3093 5296 3251 5364 Nam,
3269 5304 3331 5352 ut
3350 5295 3430 5353 ait
3448 5296 3732 5368 Scriptura
3758 5309 3775 5350 :

2165 5387 2402 5443 Pretium
2430 5388 2589 5444 scorti
2626 5387 2719 5442 vix
2747 5403 2885 5443 unus
2931 5394 3006 5443 est
3046 5387 3207 5460 panis
3245 5388 3441 5459 (Prov.
3472 5386 3567 5457 v1)
3600 5405 3619 5451 ;
3675 5392 3726 5441 et
3761 5399 3775 5437 :

2168 5477 2269 5544 Qui
2298 5493 2348 5531 se
2361 5476 2541 5549 jungit
2570 5478 2849 5546 iiierclrici,
2880 5494 3041 5533 unum
3070 5495 3260 5551 corpus
3290 5479 3512 5552 efficitur
3546 5477 3599 5548 (1
3641 5477 3775 5533 Cor.

2165 5572 2244 5633 v1)
2266 5582 2279 5631 ;
2304 5572 2357 5619 et
2378 5581 2388 5618 :
2420 5565 2522 5633 Qui
2545 5566 2878 5634 luxuriatur,
2903 5571 3139 5621 mortuus
3161 5573 3235 5623 est
3254 5566 3307 5621 in
3336 5581 3558 5638 corpore
3579 5563 3782 5618 vivente

2166 5653 2223 5722 (
2259 5654 2442 5725 Tim.).
