4056 6190
211 222 362 281 1089

206 374 350 432 CAP.
386 373 508 431 VII.
553 373 634 429 De
670 375 1015 430 sacularibus
1054 376 1147 447 qui
1187 393 1309 433 suas
1343 376 1542 431 uxores
1577 368 1823 433 deretin—
1852 381 1901 440 Α

926 454 1111 517 quunL

674 552 761 610 Ex
789 553 931 611 libro
960 574 1058 625 vn,
1088 573 1206 629 cap.
1240 555 1363 614 305.

286 670 394 743 (vi,
425 666 579 739 226.)
640 669 707 723 Hi
740 685 870 726 vero
900 674 1203 742 saeculares,
1235 674 1328 745 qui
1360 671 1592 746 conjuga
1620 690 1649 731 e
1678 691 1821 732 con—

204 763 448 822 sortium
479 761 683 834 absque
711 764 875 836 culpa
905 767 1154 837 graviore
1180 766 1490 835 dimittunt,
1534 768 1621 823 vel
1655 769 1817 823 etiam

206 852 571 920 dimiserunt,
615 852 795 907 nullas
825 856 1014 926 culpas
1042 855 1259 914 discidii
1295 856 1653 928 probabiliter
1683 875 1820 930 pro-

204 951 499 1017 ponentes,
534 947 589 996 et
622 950 911 1014 propterea
958 961 1055 1000 sua
1106 944 1454 1002 matrimonia
1503 946 1815 1015 dimittunt,

204 1040 274 1090 ut
304 1039 398 1088 aut
424 1029 623 1086 illicita
667 1038 762 1086 aut
804 1033 985 1089 aliena
1029 1044 1381 1106 praesumant,
1432 1035 1475 1092 si
1526 1043 1817 1109 antequam

207 1123 358 1200 apud
381 1120 667 1193 episcopos
690 1124 1186 1194 comprovinciales
1207 1125 1430 1183 discidii
1456 1142 1645 1183 causas
1665 1128 1817 1184 dixe-

208 1212 347 1278 rint,
380 1217 433 1266 et
462 1208 782 1283 priusquam
824 1227 1025 1267 uxores
1058 1211 1272 1284 judicio
1302 1214 1633 1273 damnentur
1675 1216 1817 1289 abje-

208 1300 410 1367 cerint,
463 1314 495 1353 a
530 1298 920 1362 communione
967 1301 1248 1373 Ecclesiae,
1296 1312 1350 1361 et
1399 1306 1575 1362 sancti
1628 1308 1817 1379 populi

209 1394 379 1455 cmtu,
412 1403 511 1460 pro
540 1403 604 1445 eo
634 1387 782 1461 quod
828 1404 936 1461 quo
976 1388 1296 1463 conjugium
1338 1399 1393 1448 et
1430 1392 1594 1451 ﬁdem
1635 1409 1815 1451 macu-

211 1479 351 1547 lant,
383 1477 772 1550 praecidantur.

208 1610 341 1667 CAP.
376 1610 521 1669 VIII.
552 1612 629 1669 De
658 1612 1016 1689 muliere/jure
1036 1613 1237 1689 duobus
1259 1612 1526 1685 fratribus
1554 1613 1813 1689 nupserit,

793 1694 840 1742 et
867 1688 928 1742 de
948 1687 1063 1742 viro
1092 1687 1224 1756 ejus.

602 1792 689 1848 Ex
721 1794 914 1851 eodem
946 1794 1110 1864 libro,
1142 1811 1259 1867 cap.
1294 1795 1418 1851 371.

282 1908 404 1976 (vn,
442 1906 593 1979 296.)
626 1908 825 1965 Mulier
856 1927 974 1983 qua:
1010 1909 1224 1966 duobus
1251 1910 1515 1968 fratribus
1544 1912 1811 1984 nupserit,

211 1994 381 2066 adjici
412 1996 573 2053 debet
602 2008 773 2069 usque
800 1998 868 2054 ad
898 1999 1045 2054 diem
1077 2000 1290 2068 mortis,
1324 1999 1418 2056 sed
1450 2009 1672 2073 propter
1701 2000 1817 2056 hu—

213 2084 535 2142 manitatem
571 2087 627 2143 in
659 2087 922 2144 extremis
950 2087 1064 2144 suis
1090 2087 1447 2145 sacramentis
1469 2090 1814 2146 reconciliari

207 2183 429 2249 oportet
462 2194 473 2231 :
511 2176 585 2232 ita
617 2184 799 2235 tamen
834 2187 894 2234 ut
923 2178 1078 2250 prius
1107 2178 1354 2233 solvatur
1388 2176 1728 2251 conjugium,
1762 2188 1815 2235 et

208 2274 429 2323 maneat
456 2267 712 2340 innupta,
736 2278 790 2325 et
820 2267 909 2324 vir
931 2266 1049 2340 ejus
1080 2266 1281 2340 absque
1305 2285 1477 2324 uxore
1506 2268 1677 2324 simili
1704 2286 1813 2342 pm-

207 2354 461 2414 nitentize
491 2358 562 2414 sit
593 2359 867 2416 subditus.
901 2358 1060 2427 Quod
1104 2359 1149 2415 si
1183 2359 1294 2415 duo
1324 2360 1520 2417 fratres
1552 2377 1678 2417 cum
1705 2377 1816 2418 una

207 2446 421 2504 femina
466 2448 725 2505 fornicati
765 2450 975 2505 fuerint
1024 2450 1327 2507 nescientes
1376 2451 1442 2507 ad
1488 2452 1813 2509 alterutrum

204 2538 655 2611 fornicationem,
702 2541 889 2598 statim
942 2550 1002 2598 ut
1049 2543 1407 2616 cognoverint
1456 2543 1810 2615 adulterium,

204 2628 299 2701 qui
333 2645 452 2685 eam
484 2630 647 2687 habet
677 2646 907 2688 uxorem
939 2630 1205 2688 dimittat.
1232 2631 1302 2686 Et
1332 2628 1425 2686 ille
1442 2629 1668 2703 quidem
1694 2637 1815 2703 post

205 2730 388 2780 actam
415 2725 819 2797 paenitentiam,
866 2726 912 2783 si
958 2744 1100 2784 uxor
1128 2727 1388 2783 defuncta
1419 2724 1606 2795 fuerit,
1638 2733 1815 2799 potest

205 2812 367 2868 alteri
395 2813 628 2883 sociari;
685 2816 783 2872 illa
825 2815 1069 2886 vivente,
1127 2832 1490 2889 nequaquam.
1541 2815 1641 2870 Illa
1683 2831 1814 2870 vero

205 2920 495 2978 nunquam
538 2907 771 2964 ulterius
814 2908 1017 2981 poterit
1046 2907 1104 2963 in
1135 2905 1454 2978 conjugium
1495 2905 1720 2975 assumi,
1760 2912 1815 2961 et

200 2994 327 3068 jugi
360 2997 697 3070 poenitentiae
737 3000 1031 3056 summissa
1055 2998 1124 3055 ad
1153 2998 1367 3054 exitum
1397 2996 1524 3054 vitae
1554 3013 1814 3055 commu—

206 3086 399 3143 nionis
428 3088 654 3160 gratiam
688 3088 977 3162 percipiat.

205 3218 343 3278 CAP.
389 3220 484 3277 IX.
528 3222 605 3277 De
640 3221 859 3278 muliere
895 3236 1012 3292 qua:
1047 3214 1371 3276 adulteravit
1405 3216 1596 3292 virum
1610 3231 1764 3292 suum
1796 3230 1814 3269 :

282 3293 528 3374 similiter
565 3299 611 3349 et
657 3292 718 3349 de
764 3289 1016 3364 viro'qui
1061 3308 1281 3348 uxorem
1325 3306 1476 3345 suam
1525 3289 1814 3346 adultera-

283 3370 437 3421 verit.

677 3457 765 3513 Ex
796 3457 1009 3524 eodem,
1051 3470 1176 3527 cap.
1224 3453 1350 3510 383.

282 3563 410 3636 (vn,
443 3561 595 3633 298.)
643 3562 845 3617 Mulier
892 3559 1099 3614 habens
1128 3558 1334 3625 virum,
1388 3556 1435 3612 si
1482 3556 1815 3616 adulterium

202 3659 627 3735 perpetraverit,
674 3663 729 3710 et
778 3656 990 3711 occulte
1031 3654 1099 3711 ad
1139 3651 1541 3710 confessionem
1580 3653 1815 3723 venerit,

201 3753 422 3817 septem
452 3739 615 3798 annis
644 3740 944 3814 pmniteat;
981 3748 1094 3798 tres
1122 3743 1180 3798 in
1210 3757 1349 3815 pane
1375 3750 1427 3798 et
1456 3757 1615 3814 aqua,
1644 3748 1817 3798 caete-

206 3849 298 3890 ros
330 3839 571 3905 quatuor
595 3829 653 3886 in
683 3830 1031 3903 providentia
1076 3830 1181 3888 erit
1225 3830 1546 3900 sacerdotis,
1579 3831 1818 3904 qualiter

204 3939 328 3979 eam
360 3921 566 3977 viderit
592 3936 766 3993 posse,
800 3927 854 3976 et
878 3920 955 3975 ita
987 3919 1037 3977 ei
1068 3920 1321 3977 ciborum
1352 3920 1686 3977 abstinentia
1716 3919 1818 3976 im-

206 4019 467 4086 ponatur.
502 4010 772 4067 Similiter
801 4019 855 4067 et
881 4010 970 4065 vir
1001 4009 1209 4066 habens
1242 4026 1493 4079 uxorem,
1533 4012 1577 4066 si
1610 4010 1819 4068 adulte-

207 4102 354 4158 rium
396 4100 813 4175 perpetraverit,
853 4100 1039 4169 faciat,
1074 4100 1130 4157 id
1160 4108 1263 4169 est,
1298 4116 1395 4173 per
1426 4100 1726 4157 triennium
1757 4109 1821 4159 ut

215 4196 325 4250 non
354 4192 748 4251 communicet.
804 4190 862 4247 Si
886 4190 1043 4263 cujus
1071 4207 1215 4247 uxor
1238 4190 1571 4247 adulterium
1618 4207 1821 4265 perpe-

215 4281 465 4350 traverit,
497 4286 551 4337 et
581 4280 685 4337 hoc
714 4296 744 4335 a
774 4279 895 4334 viro
918 4279 1321 4352 deprehensum
1342 4279 1513 4335 fuerit
1541 4287 1592 4336 et
1625 4281 1821 4352 publi-7

214 4378 420 4437 catum,
450 4369 696 4425 dimittat
724 4384 954 4425 uxorem
983 4368 1030 4424 si
1060 4369 1301 4423 voluerit
1325 4376 1548 4441 propter
1569 4369 1822 4426 fornica—

214 4462 422 4519 tionem
451 4479 463 4517 :
510 4459 607 4515 illa
636 4474 790 4528 vero,
841 4458 1145 4514 secundum
1176 4458 1325 4531 quod
1354 4458 1606 4529 superius
1634 4457 1821 4515 inser-
1850 4487 1897 4545 Ι)

216 4558 337 4608 tum
367 4558 472 4619 est,
503 4548 722 4622 publice
765 4554 888 4620 agat
918 4546 1335 4619 pmnitentiam:
1382 4545 1472 4601 vir
1506 4562 1638 4602 vero
1675 4546 1814 4619 ejus,

214 4641 313 4696 illa
341 4640 587 4707 vivente,
619 4637 939 4694 nullatenus
968 4635 1165 4693 habeat
1213 4634 1493 4692 licentiam
1524 4636 1690 4691 aliam
1720 4636 1817 4693 du-

214 4746 337 4789 cere
379 4744 631 4786 uxorem.
678 4726 838 4795 Quod
867 4726 915 4783 si
963 4725 1206 4782 voluerit
1252 4724 1556 4782 adulteram
1596 4725 1702 4781 sibi
1740 4742 1820 4781 re-

215 4818 537 4888 conciliare,
594 4815 879 4875 licentiam
910 4814 1143 4872 habeat:
1194 4813 1272 4871 ita
1299 4822 1481 4871 tamen
1525 4822 1586 4870 ut
1618 4815 1822 4887 pariter

215 4926 342 4967 cum
371 4908 469 4964 illa
496 4907 882 4980 paenitentiam
913 4914 1055 4979 agat,
1086 4913 1139 4962 et
1168 4914 1359 4962 exacta
1399 4904 1724 4978 poenitentia
1752 4904 1821 4961 ad

214 4996 689 5066 communionem,
729 4996 873 5053 sicut
902 4996 1155 5068 superius
1184 4994 1498 5052 continetur
1525 4995 1817 5063 insertum,

213 5087 443 5159 utrique
472 5084 754 5143 accedant.
779 5083 991 5140 Similis
1015 5084 1192 5139 forma
1220 5092 1275 5138 et
1304 5084 1361 5137 in
1387 5083 1617 5140 muliere
1641 5099 1819 5140 serva-

212 5174 391 5233 bitur.
423 5174 482 5231 Si
502 5174 653 5231 enim
685 5174 774 5231 vir
793 5172 911 5245 ejus
944 5171 1357 5241 adulteraverit,
1383 5170 1546 5226 habet
1575 5178 1823 5243 potesta-

214 5279 329 5329 tem
354 5268 675 5328 dimittendi
704 5267 888 5325 virum
912 5273 1132 5340 propter
1152 5262 1822 5332 fornicationem;maneat

214 5367 407 5417 tamen
437 5359 691 5433 innupta,
721 5355 967 5433 quandiu
1005 5356 1093 5411 vir
1124 5353 1241 5427 ejus
1272 5352 1513 5410 vixerit:
1554 5352 1685 5426 quia
1722 5368 1823 5411 nec

216 5448 315 5505 ille
345 5449 509 5507 habet
537 5456 860 5523 potestatem
890 5444 1057 5503 aliam
1087 5443 1331 5517 accipere
1374 5442 1551 5515 prima
1576 5441 1817 5510 vivente,

216 5552 321 5597 nec
367 5539 466 5596 illa
510 5540 726 5613 primo;
771 5536 978 5596 habent
1017 5544 1201 5593 tamen
1248 5540 1569 5609 potestatem
1615 5539 1823 5590 semet-

218 5628 372 5701 ipsos
402 5629 780 5689 reconciliare.

1702 222 2046 284 CANONES.

3386 231 3524 291 1090

2520 378 2813 435 TITULUS
2850 379 2946 436 IV.

2561 494 2632 532 DE
2663 492 2918 532 INCESTIS.

2447 600 2578 658 CAP.
2612 601 2654 656 Ι.
2688 601 2765 656 De
2789 600 3014 655 incestis.

2410 697 2499 752 Ex
2534 696 2677 752 libro
2717 715 2791 765 v,
2834 713 2951 769 cap.
2994 697 3047 755 9.

2005 807 2151 879 (Lib.
2177 824 2214 864 v
2239 806 2570 878 Capitular.,
2593 821 2710 877 cap.
2733 805 2812 875 7.)
2835 804 2892 860 Si
2910 805 3074 860 homo
3096 805 3363 863 incestum
3383 825 3528 864 com-

1930 897 2141 956 miserit
2160 915 2285 956 cum
2307 901 2420 955 Deo
2450 904 2660 954 sacrata
2683 903 2777 951 aut
2798 912 2922 952 cum
2956 904 3127 953 matre
3148 914 3265 967 sua,
3288 907 3382 955 aut
3401 916 3528 956 cum

1930 987 2165 1043 matrina
2207 1003 2304 1043 sua
2344 986 2411 1041 de
2440 985 2592 1041 fonte
2640 991 2733 1040 aut
2781 983 3223 1050 confirmatione,
3275 994 3527 1044 autcum

1929 1083 2100 1132 matre
2124 1084 2179 1132 et
2204 1076 2340 1145 ﬁlia,
2370 1082 2614 1131 autcum
2655 1072 2869 1130 duabus
2911 1074 3212 1143 sororibus,
3257 1091 3385 1132 cum
3417 1092 3529 1131 ma-

1926 1169 2029 1223 tris
2061 1168 2194 1238 lilia,
2227 1175 2321 1224 aut
2362 1184 2488 1225 cum
2520 1165 2723 1222 sororis
2752 1165 2886 1234 filia,
2920 1174 3013 1221 aut
3042 1183 3168 1223 cum
3200 1175 3385 1240 nepta,
3433 1177 3529 1227 aut

1925 1272 2051 1312 cum
2110 1256 2443 1313 consonrina
2499 1261 2594 1310 aut
2628 1253 2871 1322 sobrina,
2912 1261 3007 1309 aut
3060 1271 3187 1311 cum
3226 1254 3397 1312 amita
3439 1258 3526 1312 vel

1928 1353 2237 1414 matertera,
2277 1353 2373 1402 aut
2411 1360 2536 1401 cum
2580 1343 2668 1400 his
2715 1343 2922 1417 quibus
2959 1360 3195 1401 canones
3221 1344 3528 1428 prohibent

1926 1433 2192 1505 c0pulari,
2225 1433 2294 1490 de
2320 1433 2440 1490 istis
2464 1431 2793 1489 criminibus
2825 1433 3114 1504 pecuniam
3138 1448 3291 1489 suam
3314 1432 3524 1505 perdat,

1925 1520 1971 1576 si
2002 1521 2274 1579 habuerit.
2318 1522 2388 1577 Et
2427 1521 2474 1577 si
2517 1521 2623 1577 hoc
2661 1520 2953 1578 emendare
2991 1521 3273 1590 noluerit,
3338 1522 3528 1579 nullus

1925 1626 2048 1665 eum
2080 1611 2328 1682 recipiat,
2383 1626 2485 1667 nec
2528 1609 2713 1666 cibum
2761 1608 2949 1678 donet,
2990 1618 3045 1665 et
3089 1609 3138 1666 si
3199 1611 3411 1681 fecerit,
3454 1628 3526 1667 1.x

1928 1698 2134 1754 solidos
2161 1698 2368 1754 domno
2388 1697 2501 1770 regi
2528 1705 2850 1771 componat,
2882 1698 3187 1773 usquedum
3218 1700 3334 1771 ipse
3356 1698 3525 1757 homo

1928 1805 1985 1845 se
2012 1788 2335 1845 correxerit.
2369 1790 2441 1844 Et
2470 1788 2515 1844 si
2538 1789 2826 1860 pecuniam
2855 1805 2966 1845 non
2996 1789 3273 1858 habuerit,
3307 1790 3355 1845 si
3384 1790 3528 1847 liber

1928 1886 2028 1947 est,
2062 1879 2313 1935 mittatur
2342 1879 2396 1933 in
2427 1894 2695 1934 carcerem
2730 1896 2900 1952 usque
2933 1880 3001 1935 ad
3044 1880 3471 1936 satisfactionem
3511 1897 3524 1938 :

1928 1968 1972 2024 si
2003 1975 2185 2023 autem
2229 1984 2420 2024 servus
2454 1976 2546 2023 aut
2593 1967 2825 2024 libertus
2853 1976 2954 2037 est,
3010 1970 3303 2041 vapuletur
3349 1970 3527 2042 plagis

1929 2061 2140 2116 multis.
2174 2061 2245 2115 Et
2273 2060 2319 2115 si
2340 2059 2602 2115 dominus
2630 2077 2761 2115 suus
2791 2076 2916 2115 eum
2948 2062 3259 2132 permiserit
3287 2061 3527 2133 amplius

1930 2151 1985 2205 in
2006 2151 2172 2206 talem
2198 2151 2407 2223 lapsum
2435 2148 2694 2219 incidere,
2729 2150 2845 2223 ipse
2866 2168 2935 2206 Lx
2955 2151 3161 2208 solidos
3182 2151 3389 2208 domno
3413 2153 3525 2224 regi

1927 2247 2238 2312 componat.
2266 2241 2340 2294 De
2371 2238 2598 2310 reliquis
2626 2256 2756 2295 vero
2777 2240 3122 2313 propinquis,
3140 2239 3304 2312 juxta
3322 2242 3527 2298 consti-

1931 2335 2047 2384 tuta
2081 2334 2395 2385 sanctorum
2437 2328 2658 2383 Patrum
2707 2334 2760 2383 et
2800 2327 2964 2399 juxta
2999 2329 3219 2386 decreta
3251 2344 3523 2387 canonum

1921 2415 2223 2489 judicetur.

2378 2535 2508 2594 CAP.
2543 2534 2610 2592 II.
2640 2535 2716 2592 De
2745 2532 3068 2592 incestuosis.

2335 2627 2423 2682 Ex
2461 2626 2649 2683 eodem
2690 2626 2811 2696 lib.,
2852 2642 2969 2700 cap.
3008 2626 3097 2684 91.

1996 2737 2074 2792 De
2104 2734 2448 2806 incestuosis,
2481 2743 2543 2793 ut
2570 2735 2832 2794 canonice
2876 2735 3280 2805 examinentur,
3312 2739 3367 2792 et
3414 2749 3523 2792 non

1926 2832 2147 2896 propter
2175 2822 2412 2895 alicujus
2441 2825 2745 2882 amicitiam
2776 2826 2999 2899 quidam
3030 2826 3367 2895 relaxentur,
3405 2827 3523 2899 qui-

1925 2913 2050 2970 dam
2088 2930 2218 2972 vero
2256 2914 2725 2988 constringuntur.

2273 3031 2405 3091 CAP.
2446 3032 2539 3091 ΙΙΙ.
2583 3033 2714 3090 Item
2751 3032 2813 3089 de
2850 3032 3173 3091 incestuosis.

2259 3153 2263 3157 ν
2308 3123 2395 3178 Ex
2425 3123 2612 3180 eodem
2645 3122 2810 3188 libro,
2842 3139 2960 3195 cap.
2996 3123 3117 3180 165.

1927 3220 2008 3295 (v,
2036 3221 2153 3293 98.)
2188 3222 2257 3279 Ut
2294 3222 2536 3293 episcopi
2571 3222 2909 3277 incestuosos
2939 3220 3149 3292 puriter
3188 3219 3523 3299 investigare

1924 3310 2180 3368 studeant
2208 3309 2435 3367 omnino
2465 3309 2834 3382 prazcipimus.
2868 3309 2939 3364 Et
2966 3308 3014 3365 si
3046 3308 3310 3382 poenitere
3332 3311 3521 3368 nolue-

1926 3400 2059 3469 rint,
2090 3400 2157 3456 de
2187 3399 2415 3457 ecclesia
2444 3399 2812 3471 expellantur,
2842 3397 3017 3456 donec
3035 3397 3104 3455 ad
3136 3399 3520 3472 paenitentiam

1927 3497 2288 3547 revertantur.

1927 3604 2055 3664 CAP.
2089 3604 2184 3663 1V.
2240 3605 2303 3662 Ut
2329 3601 2557 3677 episcopi
2600 3600 2916 3729 incestu‘osos
2974 3603 3240 3660 emendant
3294 3609 3341 3660 et
3390 3621 3520 3660 cor-

2629 3692 2783 3729 rwan
2812 3721 2823 3729 .

2629 3692 2823 3733 ricam.

2629 3694 2823 3746 rigant.

2406 3764 2495 3823 Ex
2522 3765 2734 3835 eodem,
2768 3782 2886 3839 cap.
2924 3765 3049 3823 303.

2002 3859 2082 3933 (v,
2115 3856 2264 3933 152.)
2296 3857 2366 3917 Ut
2392 3859 2634 3932 episcopi
2665 3858 3005 3916 incestuosos
3046 3855 3300 3918 homines
3341 3877 3523 3918 eznen‘

1928 3947 2079 4019 dent,
2111 3958 2164 4006 et
2195 3966 2445 4022 magnam
2475 3949 2817 4022 diligentiam
2844 3947 3082 4006 habeant
3119 3965 3188 4005 ex
3209 3948 3310 4019 eis,
3348 3968 3443 4007 seu
3469 3953 3523 4008 et

1929 4036 1995 4094 de
2021 4037 2205 4095 viduis
2224 4039 2369 4095 infra
2389 4056 2547 4095 suam
2588 4036 2904 4111 parochiam
2937 4045 3255 4110 potestatem
3288 4038 3526 4096 habeant

1928 4125 1997 4183 ad
2025 4127 2434 4199 corrigendum.

1931 4248 2060 4306 CAP.
2093 4246 2162 4303 V.
2202 4247 2267 4304 Ut
2292 4242 2472 4299 incesti
2497 4249 2543 4298 et
2565 4243 2856 4313 parricidae
2881 4241 3127 4298 canonice
3168 4252 3521 4303 coerceantur.

2426 4333 2516 4387 Ex
2543 4331 2640 4387 lib.
2673 4348 2752 4399 vr,
2785 4347 2903 4403 cap.
2937 4332 3023 4388 71.

2005 4435 2110 4508 (vi,
2142 4432 2255 4504 7|.)
2286 4433 2363 4488 De
2387 4430 2710 4487 incestuosis
2739 4436 2794 4486 et
2825 4429 3116 4502 parricidis
3166 4437 3228 4486 ut
3260 4431 3525 4489 canonice

1927 4528 2301 4587 coerceantur,
2323 4519 2467 4576 sicut
2493 4517 2561 4573 de
2590 4516 2687 4573 illo
2712 4515 3023 4588 judicatum
3067 4526 3167 4587 est,
3203 4518 3297 4592 qui
3331 4528 3525 4575 mater-

1925 4622 2057 4671 terae
2085 4630 2195 4670 suae.
2234 4611 2406 4668 filiam
2434 4607 2725 4683 stupravit,
2758 4617 2818 4665 ut
2859 4606 3179 4680 conjugium
3232 4609 3378 4667 ultra
3414 4627 3526 4667 non

1929 4710 2156 4775 repetat,
2181 4708 2236 4757 et
2250 4698 2479 4765 ‘militiae
2503 4697 2789 4771 cingulum
2818 4697 3185 4771 derelinquat,
3217 4705 3268 4755 et
3297 4706 3391 4756 aut
3414 4715 3527 4755 mo.

1930 4792 2231 4851 nasterium
2281 4798 2446 4864 petat,
2512 4795 2608 4846 aut
2660 4787 2709 4845 si
2756 4788 2894 4845 foris
2930 4804 3210 4845 remanere
3264 4787 3524 4857 voluerit,

1930 4891 2177 4955 tempora
2228 4878 2564 4955 pmnitentiae
2602 4877 2909 4936 secundum
2963 4895 3201 4938 canones
3238 4879 3397 4951 plene
3435 4893 3526 4933 ex-

1931 4976 2126 5032 solvat.

1930 5098 2061 5158 CAP.
2096 5098 2192 5156 VI.
2239 5097 2309 5153 De
2339 5095 2547 5152 incestis
2571 5099 2619 5151 et
2655 5092 2973 5162 criminosis,
3012 5108 3074 5148 ac
3105 5092 3167 5146 de
3207 5089 3437 5163 inﬁrmis
3480 5091 3529 5145 et

1996 5168 2383 5243 paenitentibus,
2442 5174 2597 5239 atque
2651 5168 2714 5223 de
2769 5164 2980 5237 jejunio
3044 5168 3277 5234 quatuor
3339 5166 3527 5233 tempo-

2001 5258 2144 5298 rum.

2393 5332 2479 5387 Ex
2507 5328 2720 5397 eodem,
2751 5326 2928 5399 capite
2956 5324 3076 5381 106.

2005 5440 2108 5513 (v1,
2143 5436 2292 5509 105.)
2328 5438 2398 5494 Ut
2427 5436 2493 5493 de
2525 5436 2749 5494 incestis
2778 5443 2832 5493 et
2874 5431 3189 5491 criminosis
3230 5430 3528 5486 maximam

1932 5544 2120 5589 curam
2146 5527 2384 5585 habeant
2430 5524 2757 5596 sacerdotes,
2799 5541 2868 5582 ne
2897 5525 2955 5581 in
3002 5523 3116 5580 suis
3168 5528 3393 5596 pereant
3420 5535 3531 5577 sce-

1887 5699 1894 5705 ι
1931 5618 2162 5692 eriblus,
2190 5626 2246 5676 et
2273 5616 2472 5675 animai
2500 5630 2691 5673 eorum
2726 5632 2758 5674 a
2795 5612 3049 5673 districto
3079 5610 3271 5685 judice
3305 5608 3529 5671 Christo
