4078 6182
521 208 647 265 1091

1600 199 1848 254 ἰδΑΑΟΙ
1893 195 2206 253 EPISCOPI
2245 193 2703 249 LINGONENSIS

3685 188 3827 241 i092

510 356 589 411 eis
617 352 986 426 requirantur.
1018 348 1284 406 Similiter
1309 347 1375 402 de
1409 345 1642 401 infirmis
1681 362 1743 401 ac
1789 344 2104 417 poenitenti-
2135 347 2180 404 A
2213 342 2343 400 CAP.
2372 341 2474 426 XI.
2508 342 2584 397 De
2613 340 2694 395 his
2721 339 2814 426 qui
2841 353 2969 426 cuni
3488 333 3823 426 mist—insunt,

512 443 632 511 bus,
665 449 727 498 ut
755 439 1051 496 morientes
1080 438 1198 493 sine
1219 435 1667 493 reconciliatione
1692 442 1744 489 et
1765 433 1970 489 viatico
2000 448 2108 488 non

511 531 789 597 deﬁciant,
813 536 866 583 et
883 534 944 582 ut
965 536 1199 598 quatuor
1223 534 1533 596 temporum
1564 521 1775 594 jejunia
1802 538 1834 577 a
1855 521 2112 577 ﬁdelibus

512 620 802 690 diligenter
827 616 1227 672 custodiantur.

513 768 644 824 CAP.
679 764 797 822 VII.
831 764 908 820 De
934 779 991 818 eo
1016 765 1108 833 qui
1133 778 1184 816 se
1214 761 1501 833 incestuoso
1532 759 1732 833 ordine
1761 758 1841 813 his
1871 756 2113 833 personis

664 837 853 908 quibus
879 853 912 890 α
949 829 1147 904 regulis
1169 832 1493 903 prohibitum
1518 838 1591 885 est
1619 829 1976 899 conj-tinxerit.

991 931 1079 984 Ex
1108 928 1319 996 eodem,
1352 944 1470 1000 cap.
1501 926 1625 982 400.

587 1053 688 1122 (vr,
740 1049 889 1120 306.)
923 1048 979 1104 Si
1037 1047 1160 1120 quis
1191 1060 1302 1100 non
1333 1061 1397 1100 eo
1428 1043 1618 1116 gradu,
1648 1042 1743 1098 sed
1792 1041 2106 1098 incestuoso

512 1138 706 1194 ordine
749 1151 875 1192 cum
917 1136 1004 1190 his
1046 1133 1291 1205 personis
1327 1131 1529 1203 quibus
1582 1146 1612 1184 a
1652 1127 1860 1184 divinis
1907 1128 2114 1199 regulis

451 1220 456 1224 ’
513 1222 855 1296 prohibitum
885 1218 1359 1291 estconjunxerit,
1405 1233 1688 1290 usquequo
1733 1215 2111 1288 paenitentiam

511 1310 944 1384 sequestratioue
974 1316 1263 1375 testentur,
1296 1307 1516 1379 utrique
1552 1305 1946 1362 communione
1988 1303 2114 1375 pri-

513 1410 715 1456 ventur
740 1418 750 1455 :
777 1407 830 1456 et
851 1414 1028 1472 neque
1068 1398 1122 1452 in
1147 1397 1347 1469 palatio
1389 1396 1593 1452 habere
1619 1395 1899 1462 militiam,
1935 1409 2114 1464 neque

513 1491 571 1545 in
620 1490 740 1546 foro
757 1488 1098 1567 agendarum
1149 1502 1436 1543 causarum
1484 1484 1767 1541 licentiam
1805 1482 2111 1539 habebunt.

515 1579 648 1635 Nam
663 1580 708 1634 si
725 1595 782 1634 se
796 1577 1186 1651 quoquomodo
1199 1576 1460 1650 prmdicto
1474 1577 1686 1632 incestu
1699 1573 2110 1646 conjunxerint,

515 1669 754 1741 episcopi
771 1685 866 1725 seu
888 1667 1214 1741 presbyteri,
1249 1667 1306 1722 in
1337 1683 1572 1739 quorum
1603 1665 1825 1721 dimcesi
1858 1665 1945 1719 vel
1977 1679 2114 1735 pago

513 1766 695 1814 actum
720 1757 908 1824 fuerit,
942 1757 1057 1829 regi
1103 1757 1190 1812 vel
1218 1755 1502 1828 judicibus
1532 1755 1710 1811 scelus
1740 1759 2109 1825 perpetratum

513 1844 864 1912 denuntient,
893 1853 954 1901 ut
982 1861 1108 1901 cum
1132 1843 1268 1915 ipsis
1298 1842 1684 1898 denuntiatum
1715 1841 1906 1905 fuerit,
1943 1854 1999 1894 se
2048 1838 2114 1894 ab

513 1954 703 1994 eorum
733 1938 1123 1993 communione
1173 1944 1268 1991 aut
1292 1935 1702 1992 cohabitatione
1752 1939 2110 2005 sequestrent.

516 2027 617 2081 Res
666 2032 845 2080 autem
906 2041 1095 2079 eorum
1126 2025 1194 2079 ad
1251 2024 1460 2094 primos
1515 2030 1768 2094 parentes
1811 2036 1983 2092 usque
2042 2018 2112 2074 ad

513 2111 1000 2184 sequestrationem
1033 2111 1378 2184 perveniant,
1431 2110 1534 2171 sub
1568 2126 1631 2166 ea
1669 2109 2007 2177 conditione,
2053 2117 2114 2164 ut

513 2210 806 2277 antequam
827 2211 1199 2274 segregentur,
1231 2219 1328 2274 per
1359 2203 1575 2258 nullum
1608 2202 1914 2275 ingenium,
1934 2217 2114 2274 neque

515 2309 609 2364 per
665 2299 932 2364 parentes,
992 2307 1168 2364 neque
1224 2306 1320 2362 per
1365 2293 1723 2364 emptionem,
1782 2305 1962 2362 neque
2017 2306 2112 2361 per

512 2381 892 2438 auctoritatem
927 2381 1152 2453 regiam,
1183 2380 1249 2436 ad
1277 2381 1524 2452 proprias
1553 2379 1880 2452 perveniant
1926 2379 2111 2435 facul-

513 2479 672 2538 tates,
705 2469 812 2526 nisi
846 2469 1131 2541 praefatum
1181 2469 1360 2526 scelus
1387 2468 1839 2541 sequestrationis
1885 2483 2110 2540 separa-

513 2561 664 2615 tione
695 2566 748 2612 et
776 2557 1120 2628 poenitientia
1150 2557 1443 2613 fateantur.

513 2699 644 2757 CAP.
673 2699 818 2758 VIII.
853 2700 943 2755 Ea:
973 2700 1108 2755 libro
1132 2698 1298 2825 lggurn
1352 2698 1632 2825 Tlheodosii
1675 2698 1848 2768 tertio,
1865 2714 1981 2770 cap.
2017 2696 2104 2754 12.

1194 2788 1219 2824 e
1253 2788 1386 2825 uices
1411 2789 1475 2825 ιε.

1194 2788 1219 2824 ε
1253 2788 1386 2826 ιηοεε
1392 2788 1457 2826 ιιρς
1463 2815 1475 2827 .

910 2866 996 2919 Ex
1027 2864 1217 2920 eodem
1246 2865 1408 2933 libro,
1441 2882 1559 2937 cap.
1592 2865 1717 2922 401.

587 2981 688 3053 (vr,
719 2977 870 3051 307.)
898 2977 1055 3048 Quod
1076 2978 1272 3034 incesti
1301 2995 1413 3034 non
1441 2980 1553 3035 sint
1581 2979 1815 3050 legitimi
1835 2978 2101 3047 heredes,

514 3070 606 3124 sed
634 3068 863 3124 infamia
892 3069 1004 3124 sint
1034 3076 1234 3124 notatae
1265 3076 1510 3142 utraeque
1539 3084 1803 3141 personae.

514 3215 643 3273 CAP.
670 3214 771 3272 IX.
799 3213 863 3274 Ut
880 3217 1116 3272 devotam
1137 3215 1244 3272 Deo
1260 3216 1534 3286 virginem,
1562 3218 1643 3274 vel
1666 3215 1902 3286 viduam,
1925 3215 2110 3272 nullus

1053 3288 1319 3360 conjugem
1347 3288 1593 3359 accipiat.

991 3387 1079 3442 Ex
1109 3387 1323 3456 eodem,
1353 3403 1473 3460 cap.
1506 3385 1630 3443 402.

586 3511 690 3582 (vr,
712 3508 862 3581 308.)
887 3507 956 3565 Ut
985 3507 1263 3580 deinceps,
1295 3507 1439 3564 sicut
1469 3523 1706 3564 canones
1755 3505 2111 3564 ecclesiastici

513 3599 827 3671 prohibent,
849 3598 1038 3652 nullus
1058 3599 1172 3652 Deo
1207 3596 1463 3652 devotam
1484 3597 1780 3668 virginem,
1804 3598 1989 3652 nullus
2008 3595 2109 3651 sub

511 3686 795 3757 religionis
825 3685 1018 3739 habitu
1048 3685 1460 3754 consistentem,
1493 3685 1609 3740 sive
1639 3685 1932 3740 viduitatis
1965 3703 2114 3742 con-

511 3775 799 3832 tinentiam
855 3775 1174 3846 professam,
1235 3776 1320 3830 vel
1368 3773 1454 3830 sui
1514 3775 1823 3848 proximam
1873 3777 2107 3850 generis,

510 3875 604 3923 aut
655 3867 820 3922 etiam
848 3865 915 3921 de
968 3865 1128 3939 cujus
1193 3862 1524 3920 admistione
1583 3865 1864 3922 incestiva‘:
1927 3875 2111 3924 notam

511 3955 681 4026 possit
710 3953 895 4010 subire
926 3953 1190 4020 infamiae,
1221 3952 1420 4008 illicito
1458 3953 1757 4022 connubio,
1796 3961 1891 4009 aut
1932 3954 1990 4009 vi
2020 3963 2113 4011 aut

510 4058 781 4098 consensu
809 4041 1043 4112 accipiat
1067 4040 1355 4112 conjugem
1383 4058 1394 4096 :
1419 4042 1548 4114 quia
1564 4058 1665 4099 nec
1692 4059 1883 4099 verum
1911 4045 2112 4116 poterit

514 4150 628 4192 esse
657 4134 998 4207 conjugium,
1029 4133 1176 4207 quod
1201 4150 1233 4190 a
1261 4134 1477 4191 meliori
1500 4137 1780 4209 proposito
1819 4135 2112 4194 deducitur

511 4225 580 4282 ad
628 4224 891 4292 deterius,
941 4231 996 4280 et
1023 4223 1126 4279 sub
1174 4223 1296 4280 falsi
1327 4225 1570 4282 nominis
1607 4228 1806 4299 copula
1846 4227 2114 4284 incestiva

513 4313 820 4386 pollutione
848 4320 901 4369 et
927 4311 1311 4369 fornicationis
1345 4313 1701 4370 immunditia
1747 4326 2106 4390 perpetretur.

2289 420 2384 468 aut
2412 405 2832 485 morepecudum
2857 405 3019 478 usque
3062 407 3134 462 ad
3176 405 3450 485 affinitatis
3485 405 3679 485 lineam
3707 422 3831 459 cum

2291 479 2688 554 consanguineis
2755 483 3005 536 incestum
3067 479 3464 542 commiserunt,
3529 479 3637 531 sive
3708 494 3832 531 eum

2290 555 2541 611 masculis
2569 555 2978 610 concubuerunt.

2704 645 2790 698 Ex
2818 641 3030 710 eodem,
3059 655 3178 712 cap.
3210 638 3338 696 456.

2297 759 2422 824 (vn,
2455 755 2606 826 E73.)
2630 755 2692 810 In
2724 753 2829 810 hoc
2857 751 3024 807 titulo
3053 748 3240 805 Graeca
3268 746 3436 803 verba
3467 747 3648 819 posita
3674 759 3839 816 sunt,

2224 847 2281 904 id
2312 856 2393 903 est

2223 936 2366 1009 quod
2397 950 2498 990 nos
2527 933 2720 990 Latine
2742 932 3014 1005 possimus
3045 929 3249 1000 dicere,
3285 929 3359 986 De
3387 929 3470 984 his
3493 930 3588 1002 qui
3609 929 3841 986 irratio-

2221 1023 2472 1079 nabiliter
2498 1022 2697 1078 versati
2716 1027 2858 1089 sunt,
2882 1020 2988 1075 sive
3015 1025 3312 1074 versantur.
3345 1017 3405 1072 In
3428 1032 3535 1090 qua
3557 1016 3845 1071 sententia

2224 1129 2416 1168 sensus
2445 1113 2652 1184 duplex
2678 1118 2759 1167 est
2784 1128 2795 1166 :
2836 1109 2892 1164 id
2913 1117 3015 1175 est,
3045 1109 3112 1165 de
3142 1106 3230 1163 his
3253 1105 3490 1179 quicum
3515 1106 3840 1178 pecoribus,

2225 1211 2319 1258 aut
2369 1217 2520 1258 more
2567 1202 2836 1274 pecudum
2885 1215 3012 1256 cum
3067 1197 3491 1270 consanguineis
3535 1212 3706 1268 usque
3763 1196 3844 1252 ad

2225 1289 2509 1346 afﬁnitatis
2555 1289 2758 1345 lineam
2791 1289 3058 1343 incestum
3109 1284 3508 1351 commiserint,
3554 1292 3648 1339 aut
3695 1301 3840 1340 cum

2227 1379 2482 1436 masculis
2511 1377 2933 1445 concubuerint,
2983 1375 3234 1450 quisquis
3271 1391 3341 1431 ex
3371 1373 3460 1430 his
3504 1389 3674 1430 unum
3706 1390 3845 1446 ege-

2225 1471 2320 1538 rit,
2357 1477 2451 1525 aut
2477 1469 2655 1542 capite
2683 1469 2966 1542 puniatur,
2997 1474 3092 1522 aut
3114 1467 3161 1522 si
3190 1466 3239 1521 ei
3269 1465 3385 1520 vita
3412 1479 3666 1521 concessa
3693 1463 3846 1519 fue-

2226 1561 2318 1626 rit,
2365 1558 2528 1630 juxta
2590 1556 2874 1630 Ancyrani
2930 1555 3156 1614 concilii
3213 1554 3562 1622 sententiam,
3596 1569 3729 1626 .quae
3768 1553 3837 1608 in

2224 1649 2466 1722 capitulo
2525 1649 2592 1706 16
2671 1648 3026 1716 continetur,
3086 1646 3467 1720 paenitentiam
3550 1645 3844 1702 veraciter

2225 1748 2368 1814 agat.

2224 1861 2356 1919 CAP.
2391 1861 2513 1916 XII.
2550 1860 2613 1917 Ut
2645 1859 2824 1914 incesti
2851 1876 2883 1914 a
2933 1857 3289 1913 sacerdotibus
3335 1862 3382 1911 et
3411 1857 3578 1912 Deum
3626 1856 3836 1910 timen—

2296 1933 2429 1987 tibus
2457 1931 2754 1987 hominibus
2794 1931 3021 2003 ﬁdeliter
3049 1930 3456 2001 perquirantur,
3496 1935 3542 1983 et
3573 1929 3833 1983 canonirr

2288 2003 2607 2075 puniantur.

2704 2089 2790 2144 Ex
2818 2088 3030 2157 eodem,
3061 2104 3178 2162 cap.
3214 2088 3341 2144 377.

2295 2201 2397 2272 (vr,
2434 2199 2585 2271 292.)
2617 2201 2696 2255 De
2724 2198 2946 2255 incestis
2977 2199 3127 2254 omni
3157 2195 3342 2254 studio
3383 2195 3822 2270 perquirendum

2221 2297 2304 2345 est
2343 2288 2719 2344 sacerdotibus
2748 2304 2846 2359 per
2889 2287 3143 2345 homines
3185 2303 3422 2356 veraces,
3457 2296 3511 2344 et
3571 2288 3832 2342 timorem

2221 2379 2318 2436 Dei
2345 2387 2470 2435 ante
2497 2379 2686 2434 oculos
2716 2377 3014 2435 habentes:
3061 2385 3114 2434 et
3140 2378 3185 2433 si
3230 2377 3430 2450 reperti
3462 2376 3696 2444 fuerint,
3727 2386 3837 2432 sta-

2220 2469 2321 2525 tim
2352 2476 2448 2523 aut
2479 2483 2573 2538 per
2595 2484 2652 2524 se
2687 2467 2978 2523 emendare
3008 2465 3284 2535 studeant,
3335 2477 3428 2523 aut
3457 2483 3585 2523 cum
3613 2465 3834 2538 adjuto-

2222 2559 2304 2615 rio
2333 2558 2709 2616 archidiaconi
2737 2558 2821 2615 sui
2868 2558 3110 2632 episcopi
3141 2558 3246 2615 hoc
3291 2558 3472 2631 ipsum
3519 2557 3838 2629 exstirpare

2218 2657 2487 2723 satagant,
2516 2665 2584 2704 ne
2615 2657 2766 2706 tanto
2798 2648 3006 2721 ﬂagitio
3038 2658 3092 2705 et
3124 2650 3326 2705 scelere
3356 2656 3410 2705 et
3443 2649 3526 2704 illi
3576 2649 3839 2720 polluan-

2218 2748 2310 2796 tur
2341 2749 2394 2795 et
2419 2747 2663 2812 pereant,
2697 2747 2750 2795 et
2781 2739 2876 2795 alii
2907 2739 2965 2795 in
3006 2757 3194 2796 eorum
3245 2739 3536 2796 vicinitate
3577 2739 3839 2811 omnipo-

2216 2831 2386 2884 tentis
2413 2828 2511 2884 Dei
2544 2829 2680 2884 iram
2704 2828 3015 2886 incurrant.

2214 2952 2344 3010 CAP.
2368 2955 2525 3028 XIII.
2577 2954 2728 3022 Quod
2756 2954 3004 3011 incestum
3055 2956 3348 3025 committit,
3399 2957 3493 3028 qui
3534 2975 3590 3011 se
3615 2973 3840 3012 consan-

2144 3070 2188 3129 C
2286 3027 2486 3096 guinem
2513 3043 2620 3082 suae
2644 3043 2807 3097 usque
2834 3029 2906 3082 ad
2933 3028 3206 3101 afﬁnitatis
3237 3027 3429 3085 lineam
3471 3029 3588 3098 conj
3597 3030 3764 3099 ungit.

2697 3118 2787 3172 Ex
2815 3117 3027 3183 eodem,
3062 3135 3181 3190 cap.
3211 3118 3335 3175 432.

2293 3225 2417 3297 (vn,
2477 3223 2628 3298 335.)
2687 3226 2885 3282 Nullus
2927 3225 3180 3282 ﬁdelium
3206 3243 3378 3299 usque
3433 3226 3504 3283 ad
3537 3226 3831 3284 aﬂinitatis

2222 3313 2446 3382 lineam,
2477 3313 2532 3370 id
2562 3323 2644 3371 est
2672 3331 2842 3388 usque
2869 3314 2939 3370 ad
2961 3315 3249 3388 septimam
3300 3316 3638 3388 progeniem,
3691 3333 3824 3372 con-

2219 3405 2575 3476 sanguineam
2607 3421 2760 3461 suam
2798 3405 2964 3461 ducat
3011 3423 3262 3475 uxorem,
3298 3407 3387 3462 vel
3414 3422 3532 3462 eam
3577 3423 3831 3480 quoquo-

2222 3493 2389 3550 modo
2419 3495 2616 3552 incesti
2648 3495 2862 3552 macula
2883 3495 3112 3568 polluat.
3143 3494 3198 3550 Si
3220 3495 3345 3568 quis
3370 3512 3503 3551 vero
3525 3495 3629 3553 hoc
3646 3498 3838 3554 scien-

2223 3590 2306 3637 ter
2337 3590 2602 3640 temerare
2649 3584 3100 3657 praesumpserit,
3155 3583 3201 3639 si
3234 3583 3373 3640 liber
3401 3591 3526 3653 est,
3583 3584 3835 3641 bannum

2223 3679 2497 3737 nostrum,
2553 3672 2610 3728 id
2662 3681 2742 3728 est
2777 3689 2848 3728 ιχ
2877 3673 3102 3742 solidos,
3137 3671 3269 3730 ﬁsco
3298 3681 3490 3728 nostro
3530 3674 3836 3746 persolvat,

2223 3769 2276 3816 et
2329 3761 2554 3833 insuper
2600 3763 2865 3819 canonice
2897 3771 2958 3819 ut
3012 3763 3252 3818 incestus
3302 3763 3456 3830 luat,
3516 3779 3581 3820 ac
3608 3763 3838 3836 publice

2216 3848 2379 3920 juxta
2406 3851 2700 3908 canonicos
2750 3851 2949 3924 gradus
2991 3851 3274 3924 paeniteat.
3306 3851 3364 3907 Si
3413 3861 3600 3909 autem
3630 3869 3837 3908 servus

2223 3937 2310 3996 vel
2342 3940 2744 3999 ecclesiasticus
2774 3941 2963 4010 fuerit,
2988 3941 3207 4010 publice
3237 3941 3545 4015 ﬂagelletur
3563 3959 3624 3999 ac
3646 3941 3838 4000 decal-

2223 4035 2401 4099 vetur,
2464 4029 2701 4101 etjuxta
2743 4030 2952 4103 proprii
3001 4030 3242 4104 episcopi
3298 4029 3602 4103 jussionem
3650 4033 3836 4104 poenio

2221 4120 2451 4176 tentiam
2496 4120 2716 4193 publice
2758 4125 2811 4176 et
2848 4121 3112 4177 canonice
3156 4131 3324 4194 gerat.
3357 4121 3520 4189 Quod
3545 4121 3593 4177 si
3623 4123 3843 4194 aliquis

2220 4216 2331 4264 tam
2363 4207 2523 4277 liber,
2555 4225 2718 4282 quam
2740 4225 2954 4279 servus,
2982 4216 3078 4265 aut
3113 4209 3521 4267 ecclesiasticus
3548 4210 3634 4265 vel
3664 4209 3839 4268 ﬁsca-

2221 4297 2388 4367 linus,
2458 4298 2712 4370 episcopo
2760 4297 3018 4370 proprio,
3077 4299 3164 4354 vel
3229 4315 3330 4355 suo
3384 4299 3678 4368 sacerdoti,
3735 4314 3845 4361 aut

510 4401 625 4458 Hoc
645 4417 776 4457 vero
807 4401 958 4458 nefas
981 4401 1026 4458 si
1050 4418 1206 4475 agere
1230 4401 1428 4459 amodo
1465 4403 1762 4476 cujuslibet
1789 4409 1965 4479 gentis
1996 4408 2109 4464 ho-

2224 4393 2609 4450 archidiacono
2631 4392 2955 4450 inobediens
2975 4394 3063 4450 vel
3091 4402 3416 4464 contumax,
3450 4395 3569 4452 sive
3596 4395 3658 4452 de
3697 4395 3845 4467 hoc,

508 4491 687 4546 mines
705 4507 870 4547 sexus
899 4491 1186 4563 utriusque
1215 4493 1571 4562 tentaverint,
1619 4494 1905 4552 insistente
1933 4513 2104 4556 sacer-

508 4579 636 4636 dote
663 4581 751 4636 vel
788 4580 996 4652 judice,
1042 4581 1259 4637 etiamsi
1292 4583 1481 4639 nullus
1510 4593 1814 4654 accusator,
1849 4585 1918 4643 ab
1947 4586 2105 4642 invi-

507 4683 627 4724 cem
679 4668 1016 4726 omnimodis
1082 4671 1316 4744 separati
1375 4671 1575 4730 exsilio
1637 4681 1899 4748 perpetuo
1970 4677 2104 4734 rele-

511 4767 722 4830 gentur.

783 4885 915 4944 CAP.
948 4885 1021 4942 X.
1052 4885 1130 4942 De
1158 4885 1365 4942 incestis
1392 4888 1522 4958 quid
1548 4889 1823 4960 agendum.

953 4987 1043 5042 Ex
1076 4986 1219 5043 libro
1248 5005 1326 5056 v1,
1360 5005 1478 5061 cap.
1511 4989 1634 5047 257.

578 5106 703 5179 (vn,
729 5103 880 5177 185.)
911 5104 981 5161 Ut
1003 5105 1273 5162 incestum
1304 5104 1494 5162 nullus
1523 5105 1628 5162 sibi
1664 5123 1905 5182 unquam
1931 5110 2101 5168 societ

2215 4483 2333 4538 sive
2387 4482 2453 4538 de
2480 4482 2589 4538 alio
2631 4483 2878 4557 quolibet
2905 4485 3108 4541 scelere
3151 4484 3446 4555 exstiterit,
3494 4502 3684 4543 omnes
3750 4504 3848 4544 neas

2213 4573 2332 4646 ejus
2358 4590 2390 4629 a
2422 4576 2626 4631 comite
2654 4583 2710 4631 et
2742 4592 2774 4631 a
2801 4576 2970 4632 misso
2999 4575 3243 4648 episcopi
3287 4576 3339 4632 ei
3387 4575 3837 4643 contendantur,

2211 4680 2385 4738 usque
2438 4663 2570 4720 dum
2642 4666 2897 4740 episcopo
2952 4683 3051 4722 suo
3103 4666 3346 4736 obediat,
3401 4677 3497 4725 aut
3553 4668 3843 4724 canonice

2212 4757 2495 4830 poeniteat.
2540 4758 2699 4825 Quod
2746 4759 2794 4815 si
2825 4775 2926 4818 nec
2955 4758 3033 4816 ita
3076 4758 3402 4830 correxerit,
3459 4765 3515 4815 et
3566 4756 3631 4813 ad
3683 4758 3835 4831 epi-

2211 4865 2438 4921 scopum
2476 4855 2530 4904 et
2576 4849 2901 4906 canonicam
2960 4851 3345 4924 pmnitentiam
3401 4849 3591 4906 venire
3638 4846 3842 4907 distu-

2211 4937 2356 5006 lerit,
2401 4954 2432 4993 a
2459 4938 2660 4995 comite
2706 4940 3232 5013 comprehendatur,
3284 4949 3338 4998 et
3381 4940 3439 4998 in
3469 4955 3682 4998 carcere
3721 4941 3842 4997 sub

2209 5045 2406 5101 magna
2470 5047 2717 5088 aerumna
2791 5039 3037 5090 retrusus
3090 5040 3340 5090 teneatur
3363 5076 3379 5102 ,
3455 5048 3560 5089 nec
3621 5045 3837 5088 rerum

2209 5134 2433 5176 suarum
2489 5127 2816 5192 potestatem
2887 5121 3085 5179 habeat
3108 5165 3123 5190 ,
3183 5136 3490 5196 quousque
3524 5119 3840 5194 episcopus

500 5193 844 5267 conjuﬂium-
866 5191 1025 5260 011οά
1046 5193 1092 5249 εί
1119 5193 1433 5265 contigerit:
1459 5195 1527 5251 ab
1543 5195 1797 5270 episcopo
1822 5198 1929 5255 100i
1947 5199 2099 5256 illius
2202 5205 2449 5278 jusserit.
2484 5191 2644 5276 Quod
2673 5210 2719 5266 si
2749 5223 2953 5280 comes,
3004 5211 3092 5267 vel
3140 5191 3260 5283 ejus
3291 5191 3537 5267 ministri
3558 5191 3684 5264 haec
3720 5191 3839 5267 ad-

501 5292 840 5358 separentur,
901 5292 956 5342 et
1018 5283 1295 5357 publicam
1345 5294 1550 5359 septem
1613 5304 1882 5346 annorum
1935 5290 2100 5364 juxta

499 5375 794 5432 canonicos
823 5373 1022 5448 gradus
1068 5383 1230 5446 agant
1275 5376 1675 5447 paenitentiam.
1749 5379 1855 5447 Qui
1914 5389 2096 5437 autem

499 5459 606 5605 ἕξει
655 5480 811 5537 agere
867 5464 1170 5530 noluerint,
1220 5465 1512 5523 anathema
1562 5465 1632 5523 ab
1688 5466 1945 5526 omnibus
2002 5469 2094 5527 ha-

567 5558 746 5605 antur.
1482 5555 1488 5559 ’

567 5558 746 5607 antur.
1482 5555 1488 5559 ’

2207 5297 2436 5370 implere
2485 5298 2822 5370 distulerint,
2875 5302 3139 5358 canonice
3185 5301 3254 5357 ab
3306 5299 3585 5372 episcopo,
3633 5299 3734 5354 vel
3807 5317 3844 5355 a

2205 5402 2304 5443 suo
2333 5388 2590 5446 ministro
2637 5390 3173 5459 excommunicetur,
3221 5397 3276 5447 et
3333 5387 3641 5462 usquedum
3694 5385 3843 5445 hac

2204 5475 2440 5548 pleniter
2465 5495 2650 5536 comes
2679 5479 2997 5552 adimpleat,
3031 5495 3249 5553 semper
3277 5476 3672 5540 communione
3711 5493 3842 5533 ca-

2199 5561 2538 5624 tholicorum
2565 5575 2767 5639 careat,
2795 5583 2968 5644 usque
2995 5569 3128 5627 dum
3160 5568 3271 5642 ipsi
3314 5568 3570 5642 episcopo
3599 5563 3844 5622 huma-
