4056 6190
213 240 228 292 Ι
243 238 353 295 093

200 390 334 444 nius
363 404 492 460 erga
527 403 655 443 eum
685 387 898 459 aliquid
929 404 1086 459 agere
1115 387 1463 460 placuerit.Si
1496 389 1804 461 vero,quod
1839 397 1887 454 Α

199 493 317 535 non
351 485 626 550 optamus,
667 477 784 549 ipse
822 493 1026 545 comes,
1058 486 1154 533 aut
1191 476 1258 532 de
1296 475 1576 548 praedictis
1603 479 1803 546 causis,

198 579 299 626 aut
337 569 406 625 de
435 568 554 641 ipsa
581 567 1158 623 excommunicatione
1192 565 1538 636 inobediens,
1575 574 1670 622 aut
1699 583 1808 623 ne-

199 659 416 731 gligens
445 672 546 713 suo
575 656 831 729 episcopo
859 658 1192 728 apparuerit,
1247 655 1457 713 honore
1507 657 1807 714 comitatus

198 748 410 820 pariter
443 754 497 802 et
526 743 918 801 communione
939 753 1139 813 careat,
1176 761 1349 818 usque
1375 745 1510 800 dum
1553 746 1714 802 ambo
1749 745 1806 800 in

200 842 451 891 nostram
485 836 830 905 praesentiam
860 832 1106 900 veniant,
1141 839 1202 888 ut
1240 848 1341 889 nos
1381 833 1543 888 illum
1585 835 1806 906 episco-

202 925 315 997 pali
350 923 698 991 auctoritate,
732 931 894 995 atque
924 923 1197 996 imperiali
1239 931 1410 992 metu,
1444 923 1522 978 ita
1554 924 1806 996 corriga-

205 1031 350 1081 mus,
377 1021 442 1068 ut
469 1012 654 1068 caeteri
683 1012 937 1079 timorem
969 1012 1228 1083 habeant,
1246 1029 1347 1070 nec
1385 1013 1644 1088 deinceps
1672 1014 1808 1070 talia

202 1102 555 1160 committere
586 1102 863 1158 ullatenus
892 1101 1154 1160 audeant.

205 1245 340 1304 CAP.
373 1245 524 1303 XIV.
555 1247 618 1302 Ut
644 1245 845 1314 incesti,
876 1246 1116 1316 quandiu
1158 1263 1217 1301 ιη
1243 1248 1428 1303 scelere
1447 1253 1678 1314 manent,
1700 1263 1807 1301 non

275 1319 513 1390 ﬁdelium
547 1318 996 1386 Christianorum,
1026 1319 1112 1372 sed
1155 1325 1359 1374 tantum
1389 1325 1484 1374 aut
1514 1319 1803 1390 gentilium,

275 1397 372 1445 aut
401 1391 905 1456 catechumenorum,
940 1392 1018 1445 vel
1044 1407 1511 1461 encrgumenorum
1553 1393 1716 1446 locum
1740 1397 1806 1444 tc-

274 1468 454 1518 neant.

601 1559 684 1615 Ex
717 1559 905 1617 eodem
937 1560 1098 1630 libro,
1131 1578 1252 1634 cap.
1285 1560 1411 1618 404.

278 1679 406 1751 (vn,
430 1677 580 1750 336.)
631 1680 854 1748 Incesti,
887 1680 1019 1744 dum
1055 1681 1113 1736 in
1143 1681 1264 1753 ipso
1294 1681 1619 1738 detestando
1647 1688 1810 1753 atque

1701 239 2042 296 CANONES.

3363 257 3385 310 1
3396 253 3498 309 094

2117 390 2248 448 CAP.
2281 393 2350 448 ΙΙ.
2382 393 2461 448 De
2485 394 2660 464 raptis
2690 400 2738 448 et
2765 411 2948 449 earum
2978 400 3308 467 raptoribus.

2311 482 2396 536 Ex
2423 482 2614 538 eodem
2646 482 2812 551 libro,
2839 499 2957 557 cap.
2997 485 3119 542 223.

1990 580 2053 648 (ι,
2087 577 2235 648 103.)
2276 580 2354 634 De
2386 581 2554 651 raptis
2599 590 2651 637 et
2697 581 2762 637 de
2807 582 3142 654 raptoribus,
3191 601 3506 659 quanquam

1915 664 2229 737 specialiter
2261 667 2607 725 decrevimus
2649 671 2783 742 quid
2824 672 2937 743 pati
2983 672 3219 730 debeant
3269 674 3363 746 qui
3406 675 3510 730 hoc

1915 755 2067 811 nefas
2093 755 2352 827 deinceps
2378 758 2554 813 facere
2577 761 2912 816 tentaverint
2935 779 2947 827 ;
2979 762 3112 834 quid
3133 773 3312 821 tamen
3333 764 3400 821 de
3423 765 3509 819 his

1915 844 2056 901 sacri
2083 861 2320 902 canones
2360 847 2683 918 praecipiant
2727 847 2819 903 hic
2858 849 3212 908 inserendum
3262 870 3511 910 necessa-

1915 933 2058 988 rium
2091 933 2376 1002 duximus,
2421 943 2690 1006 quatenus
2721 937 2980 994 omnibus
3012 946 3192 1010 pateat
3240 952 3509 1013 quantum

1915 1022 2119 1078 malum
2169 1021 2266 1088 sit,
2299 1030 2353 1078 et
2399 1039 2509 1077 non
2545 1024 2724 1079 solum
2774 1023 3034 1095 humana,
3079 1026 3172 1082 sed
3219 1035 3272 1083 et
3321 1028 3512 1083 divina

1913 1113 2240 1168 auctoritate
2269 1113 2577 1182 constricti,
2602 1113 2804 1171 abhinc
2835 1114 2942 1170 hoc
2985 1117 3190 1172 malum
3228 1125 3508 1175 caveatur.

2007 1224 2136 1281 CAP.
2171 1225 2264 1281 III.
2299 1226 2375 1281 De
2399 1226 2592 1296 puellis
2613 1225 2785 1297 raptis
2808 1226 3025 1281 necdum
3063 1226 3411 1299 desponsatis.

2395 1316 2481 1370 Ex
2511 1315 2720 1383 eodem,
2754 1332 2870 1386 cap.
2904 1314 3026 1370 224.

1989 1414 2052 1483 (ι,
2089 1411 2238 1483 104.)
2270 1414 2348 1468 De
2377 1413 2576 1485 puellis
2606 1413 2774 1485 raptis
2802 1412 3039 1470 necdum
3069 1411 3412 1485 desponsatis
3453 1413 3510 1470 in

1916 1502 2153 1558 concilio
2183 1501 2616 1558 Chalcedonensi
2646 1502 2742 1559 ubi
2778 1520 2969 1559 ncxxx
2989 1503 3177 1558 Patres
3193 1503 3510 1572 adfuerunt,

1917 1591 2160 1664 capitulo
2191 1592 2279 1659 28,
2299 1591 2375 1646 ita
2398 1591 2627 1648 habetur
2651 1610 2661 1648 :
2689 1592 2798 1647 Eos
2820 1592 2915 1665 qui
2939 1592 3159 1664 rapiunt
3181 1595 3390 1665 puellas
3412 1593 3512 1650 sub

1919 1681 2144 1736 nomine
2173 1682 2340 1736 simul
2363 1680 2677 1750 habitandi,
2699 1689 3054 1752 cooperantes
3076 1688 3128 1736 et
3149 1682 3512 1740 conniventes

207 1769 451 1827 nefando
479 1769 680 1826 scelere
709 1780 949 1838 manent,
982 1787 1094 1827 non
1125 1771 1273 1828 inter
1302 1771 1494 1829 ﬁdeles
1524 1770 1807 1830 Christia-
1842 1759 1886 1818 Β
1917 1768 2251 1841 raptoribus,
2272 1769 2520 1826 decrevit
2541 1778 2730 1828 sancta
2747 1770 3014 1843 synodus,
3031 1772 3306 1844 siquidem
3322 1772 3511 1830 clerici

207 1878 332 1931 nos,
364 1861 457 1918 sed
489 1861 636 1916 inter
654 1861 908 1934 gentiles,
939 1871 1035 1918 aut
1063 1862 1511 1931 catechumenos,
1544 1864 1632 1918 vel
1655 1879 1806 1918 ener-

209 1968 481 2024 gumenos
509 1951 833 2019 habeantur,
859 1952 917 2008 id
949 1962 1047 2026 est,
1070 1971 1198 2010 cum
1230 1952 1560 2010 Christianis
1589 1969 1702 2009 non
1733 1953 1808 2008 ci-

206 2040 341 2096 bum
386 2048 628 2109 sumant,
668 2057 782 2097 non
810 2050 999 2113 potum
1036 2061 1050 2109 ;
1101 2059 1215 2099 non
1252 2044 1314 2098 in
1352 2042 1544 2099 eodem
1583 2043 1807 2098 vasculo

207 2128 374 2185 edant
406 2138 501 2185 aut
529 2129 742 2199 bibant,
776 2131 870 2187 sed
889 2132 992 2187 soli
1016 2131 1120 2188 hoc
1149 2133 1354 2188 faciant
1378 2151 1391 2200 ;
1426 2149 1537 2188 non
1563 2132 1809 2188 osculen-

204 2227 319 2286 tur,
367 2227 462 2274 aut
499 2220 807 2276 salutentur
840 2221 908 2276 ab
943 2221 1041 2276 eis.
1073 2221 1144 2276 Et
1177 2221 1222 2277 si
1263 2221 1378 2278 suis
1425 2222 1807 2278 sacerdotibus

206 2306 588 2364 inobedientes
615 2309 953 2378 exstiterint,
975 2317 1029 2364 et
1057 2327 1087 2365 a
1120 2318 1233 2366 tam
1267 2310 1665 2366 nefandissimo
1695 2328 1805 2367 sce-

209 2397 322 2453 lere
351 2398 644 2470 segregari.
673 2407 836 2470 atque
863 2400 933 2456 ad
986 2401 1265 2472 publicam
1295 2401 1678 2472 paenitentiam
1713 2419 1809 2457 re-

207 2483 331 2540 dire
363 2487 664 2554 noluerint,
696 2488 842 2542 inter
871 2505 962 2544 eos
991 2487 1295 2545 habeantur
1323 2490 1417 2561 qui
1442 2489 1642 2560 spiritu
1669 2488 1808 2560 peri-

212 2575 484 2631 clitantur
511 2576 816 2645 immundo,
850 2579 937 2633 vel
969 2579 1132 2634 etiam
1164 2579 1310 2634 inter
1354 2594 1446 2634 eos
1500 2578 1566 2635 de
1609 2579 1811 2652 quibus

211 2664 334 2737 ipsa
362 2665 580 2722 Veritas
609 2664 782 2722 dicit:
837 2666 894 2721 Si
939 2672 982 2721 te
1012 2685 1117 2722 non
1163 2668 1414 2735 audierit,
1447 2667 1516 2722 sit
1547 2667 1639 2722 tibi
1679 2667 1813 2722 sicut

211 2755 447 2809 ethnicus
475 2755 856 2826 etpublicanus
879 2755 1090 2826 (Matth.
1116 2756 1304 2827 xvm).
1336 2756 1472 2812 Nam
1503 2773 1626 2813 cum
1664 2755 1812 2813 fide-

213 2843 365 2900 libus
393 2860 507 2900 non
537 2844 740 2900 debent
789 2861 964 2913 orare,
995 2863 1096 2901 nec
1149 2846 1206 2901 in
1252 2846 1539 2902 ecclesiam
1581 2846 1808 2914 intrare,

208 2934 306 2990 sed
328 2933 395 2990 ad
422 2932 646 3006 januam
677 2935 921 2991 ecclesiae
951 2934 1243 3004 excubare,
1286 2944 1340 2991 et
1387 2935 1725 2991 intrantibus
1755 2935 1813 2990 in

209 3024 486 3093 eamdem,
517 3035 680 3098 atque
711 3024 1045 3081 exeuntibus
1085 3041 1153 3080 ex
1194 3041 1275 3093 ea,
1307 3026 1468 3080 vultu
1499 3024 1558 3080 in
1606 3031 1808 3079 terram

1919 1864 2067 1925 sunt,
2095 1856 2353 1913 decidant
2384 1857 2554 1928 gradu
2583 1856 2837 1929 proprio;
2873 1857 2916 1912 si
2949 1874 3080 1912 vero
3109 1858 3257 1927 laici,
3289 1859 3510 1914 anathe-

1919 1947 2250 2002 matizentur
2276 1946 2503 2018 (quibus
2525 1945 2707 2001 verbis
2727 1954 2910 2018 aperte
2937 1945 3099 2001 datur
3125 1947 3362 2018 intelligi
3382 1965 3512 2021 qua-

1919 2035 2047 2090 liter
2086 2033 2252 2106 hujus
2303 2034 2435 2090 mali
2489 2043 2738 2090 auctores
2778 2034 3077 2090 damnandi
3117 2042 3267 2104 sunt,
3296 2037 3516 2107 quando

1919 2124 2212 2197 participes
2242 2133 2296 2181 et
2331 2123 2692 2181 conniventes
2728 2132 2877 2181 tanto
2927 2123 3276 2179 anathemate
3311 2123 3514 2180 feriun-

1923 2215 2058 2284 tur),
2088 2220 2142 2269 et
2163 2211 2326 2284 juxta
2355 2213 2676 2270 canonicam
2720 2214 3103 2270 auctoritatem
3162 2213 3230 2269 ad
3262 2214 3518 2287 conjugia

1920 2304 2167 2374 legitima
2183 2309 2363 2374 raptas
2375 2303 2481 2358 sibi
2493 2301 2616 2373 jure
2634 2302 2919 2358 vindicare
2937 2303 3252 2359 nullatenus
3277 2302 3512 2375 possint.

2079 2411 2211 2470 Car.
2241 2411 2338 2470 IV.
2381 2412 2458 2468 De
2488 2411 2813 2483 desponsatis
2833 2417 2880 2464 et
2909 2411 2973 2466 ab
2999 2411 3125 2467 aliis
3154 2410 3347 2480 raptis.

2398 2499 2486 2553 Ex
2517 2498 2728 2566 eodem,
2763 2514 2882 2570 cap.
2911 2496 3033 2554 225.

1997 2596 2062 2669 (ι,
2086 2595 2236 2667 105.)
2259 2598 2336 2653 De
2364 2595 2707 2669 desponsatis
2737 2597 2956 2668 puellis,
2980 2603 3034 2651 et
3062 2594 3131 2651 ab
3166 2595 3291 2652 aliis
3318 2595 3510 2668 raptis,

1922 2683 2000 2738 ita
2020 2683 2078 2738 in
2095 2682 2334 2740 concilio
2353 2684 2669 2755 Ancyrano,
2687 2700 2806 2756 cap.
2835 2683 2921 2751 10,
2950 2683 3186 2754 legitur:
3211 2684 3514 2756 Desponsa-

1922 2779 2005 2827 tas
2030 2772 2262 2844 puellas,
2280 2780 2333 2830 et
2354 2761 2478 2845 past
2493 2772 2560 2829 ab
2578 2772 2703 2828 aliis
2733 2780 2933 2845 raptas,
2964 2773 3171 2845 placuit
3198 2773 3339 2841 erui,
3370 2774 3515 2830 eteis

1924 2861 2078 2918 reddi
2106 2861 2308 2934 quibus
2336 2871 2461 2919 ante
2492 2861 2713 2918 fuerant
2740 2862 3099 2934 desponsatas,
3135 2863 3351 2920 etiamsi
3380 2865 3461 2920 eis
3488 2881 3518 2920 a

1926 2952 2239 3022 raptoribus
2259 2953 2344 3008 vis
2359 2953 2513 3008 illata
2529 2952 2862 3009 constiterit.
2887 2953 3124 3009 Proinde
3143 2961 3412 3010 statutum
3435 2963 3520 3012 est

1923 3057 1954 3096 a
1982 3048 2172 3096 sancto
2210 3049 2489 3100 conventu
2515 3050 2576 3098 ut
2597 3051 2781 3116 raptor
2796 3043 3016 3115 publica
3033 3044 3356 3116 paenitentia
3376 3046 3520 3101 mul-

207 3117 488 3182 prostrato
526 3110 744 3166 veniam
786 3111 1080 3182 postulare,
1123 3117 1176 3164 et
1215 3117 1280 3164 ut
1309 3125 1406 3181 pro
1433 3126 1489 3165 se
1518 3124 1672 3164 orare
1703 3123 1810 3162 non

1932 3139 2092 3188 tetur.
2123 3133 2307 3204 Baptae
2343 3149 2474 3187 vero
2505 3131 2550 3188 si
2582 3149 2814 3205 sponsus
2851 3149 2968 3188 eam
3008 3134 3250 3206 recipere
3277 3135 3517 3191 noluerit

207 3198 578 3270 dedignentur
624 3199 888 3272 ﬂagitare,
949 3208 1001 3256 et
1050 3199 1310 3272 lacrymis
1356 3198 1577 3270 perfuso
1627 3198 1807 3265 vultu,

201 3289 448 3344 contrito
486 3288 668 3357 corde,
721 3297 882 3362 atque
947 3288 1244 3344 humiliato
1301 3288 1502 3360 spiritu
1548 3285 1810 3342 omnibus

206 3394 491 3450 apparere,
524 3395 697 3452 usque
725 3379 794 3434 ad
822 3379 1254 3435 satisfactionem
1289 3377 1574 3446 Ecclesiae,
1607 3383 1659 3431 et
1691 3393 1810 3448 pro-

206 3466 323 3539 prii
349 3468 587 3540 episcopi
619 3469 940 3524 canonicam
971 3465 1480 3523 reconciliationem
1513 3472 1813 3532 manere,et

207 3554 282 3610 ad
316 3556 611 3626 pristinum
644 3555 913 3610 incestum
944 3570 1227 3626 nunquam
1257 3553 1433 3609 redire
1459 3571 1471 3609 :
1504 3570 1606 3609 nec
1635 3570 1815 3611 saecu~

209 3644 354 3700 laria
374 3643 594 3716 negotia
622 3658 897 3711 exercere,
928 3659 1029 3699 nec
1072 3642 1288 3716 placitis
1317 3649 1411 3698 aut
1436 3643 1815 3700 accusationi-

205 3732 320 3789 bus
347 3734 436 3787 vel
477 3730 813 3787 testimoniis
843 3732 1136 3788 interesse:
1179 3732 1274 3788 sed
1313 3731 1522 3788 crebris
1550 3732 1817 3789 sacerdo-

203 3829 331 3877 tum
381 3820 650 3891 precibus,
695 3836 993 3894 manusque
1043 3821 1321 3894 pontiﬁcis
1369 3822 1580 3894 proprii
1628 3821 1816 3894 impo—

207 3910 532 3979 sitionibus,
565 3910 1036 3984 eleemosynarum
1062 3913 1467 3984 largitionibus,
1503 3920 1666 3984 atque
1703 3929 1819 3969 cae-

205 4007 458 4057 terorum
514 3998 788 4055 bonorum
860 4001 1110 4056 omnium
1184 3999 1652 4070 exhibitionibus,
1728 4017 1818 4058 eos

212 4089 437 4164 purgari
466 4090 770 4163 sanarique
799 4097 1035 4162 oportet.

606 4231 738 4290 CAP.
771 4233 897 4290 XV.
929 4235 1082 4302 Item,
1113 4233 1174 4289 de
1198 4233 1425 4290 incestis.

552 4333 640 4388 Ex
695 4332 886 4390 eodem
942 4333 1107 4402 libro,
1167 4351 1288 4407 cap.
1342 4331 1468 4390 434.

1925 3229 1977 3277 et
2024 3221 2138 3292 ipse
2192 3219 2434 3291 ejusdem
2487 3221 2740 3277 criminis
2786 3222 3136 3278 consentiens
3179 3240 3291 3280 non
3322 3221 3514 3293 fuerit,

1924 3309 2148 3366 licentia
2170 3308 2415 3365 nubendi
2437 3311 2532 3365 alii
2555 3327 2667 3367 non
2687 3320 2934 3384 negetur.
2960 3311 3119 3379 Quod
3132 3315 3179 3370 si
3195 3321 3249 3369 et
3273 3314 3368 3370 illa
3387 3330 3518 3371 con-

1923 3400 2114 3468 sensit,
2147 3399 2318 3456 simili
2346 3401 2617 3458 sententia
2647 3400 2942 3472 subjaceat.
2977 3402 3136 3469 Quod
3163 3402 3208 3458 si
3243 3409 3365 3475 post
3395 3403 3518 3461 haec

1922 3508 1979 3549 se
2008 3491 2339 3565 conjungere
2385 3492 2852 3567 praesumpserint,
2886 3491 3106 3565 utrique
3153 3494 3515 3550 anathemati-

1925 3593 2139 3642 zentur.

2110 3680 2242 3739 CAP.
2268 3680 2338 3740 ν.
2371 3681 2446 3737 De
2474 3687 2638 3752 raptu
2665 3680 2971 3736 alienarum
2999 3693 3336 3750 sponsarum.

2320 3771 2407 3826 Ex
2433 3769 2624 3826 eodem
2648 3769 2809 3838 libro,
2833 3785 2952 3842 cap.
2987 3769 3110 3825 238.

2002 3871 2106 3942 (1v,
2137 3871 2253 3944 22.)
2287 3870 2344 3928 Si
2377 3870 2501 3943 quis
2544 3886 2797 3942 sponsam
2846 3869 3080 3925 alienam
3126 3868 3390 3942 rapuerit,
3428 3855 3523 3924 aut

1928 3960 2071 4032 patri
2119 3959 2256 4031 ejus,
2286 3966 2382 4016 aut
2429 3958 2479 4014 ei
2528 3958 2625 4032 qui
2657 3957 2935 4030 legitimus
2961 3957 3080 4029 ejus
3127 3957 3382 4014 defensor
3407 3971 3522 4012 esse

1929 4048 2111 4114 debet,
2141 4064 2268 4103 cum
2290 4063 2389 4104 sua
2407 4047 2526 4118 lege
2543 4064 2662 4103 eam
2690 4048 2900 4104 reddat.
2925 4048 2995 4102 Et
3016 4046 3287 4121 quidquid
3315 4061 3441 4103 cum
3463 4059 3527 4100 ea

1928 4137 2141 4202 tulerit,
2153 4137 2407 4192 semotim
2425 4152 2870 4208 unamquamque
2888 4153 3003 4192 rem
3021 4136 3323 4193 secundum
3349 4136 3524 4208 legem

1929 4225 2139 4282 reddat.
2171 4226 2244 4282 Et
2268 4225 2314 4281 si
2347 4224 2451 4280 hoc
2469 4224 2726 4280 defensor
2750 4223 2869 4293 ejus
2897 4225 3197 4294 perpetrari
3212 4225 3518 4293 consensit,

1928 4319 1982 4367 et
2013 4309 2136 4366 ideo
2164 4310 2370 4381 raptori
2391 4309 2533 4365 nihil
2551 4324 2793 4380 quaerere
2815 4306 3075 4375 voluerit,
3091 4323 3275 4364 comes
3305 4309 3524 4380 singula

1927 4399 1993 4456 de
2022 4416 2350 4474 unaquaque
2376 4415 2434 4456 re
2462 4400 2616 4456 freda
2639 4407 2826 4455 nostra
2838 4399 2908 4454 ab
2943 4414 3008 4455 eo
3042 4404 3295 4455 exactare
3336 4397 3521 4468 faciat,

215 4463 346 4528 (vn,
379 4457 526 4527 337.)
554 4459 799 4515 Incestos
845 4459 1003 4516 nullo
1048 4458 1293 4532 conjugii
1342 4457 1567 4516 nomine
1605 4473 1810 4530 praeve-

1932 4497 1981 4546 et
2011 4457 2216 4563 quanlto
2245 4457 2489 4562 tempore
2509 4488 2670 4544 nobis
2696 4489 2965 4559 placuerit
2988 4487 3048 4544 in
3069 4488 3267 4544 exsilio
3286 4457 3523 4554 maneat,

215 4548 413 4605 landos
445 4565 560 4606 esse
597 4565 903 4607 censemus.

814 4717 1110 4774 TITULUS
1141 4717 1211 4775 V.

785 4845 858 4884 DE
889 4843 1247 4884 RAPTORIBUS.

612 4951 744 5008 Car.
778 4950 822 5006 Ι.
847 4950 924 5006 De
946 4955 1107 5021 raptu
1138 4948 1441 5005 viduarum.

719 5047 807 5102 Ex
837 5045 980 5102 libro
1027 5063 1083 5114 v,
1111 5062 1230 5117 cap.
1258 5045 1311 5103 6.

290 5166 438 5236 (Lib.
482 5181 540 5220 IV
591 5163 920 5235 Capitular.,
954 5178 1070 5235 cap.
1122 5161 1235 5234 17.)
1278 5160 1384 5228 Qui
1418 5161 1642 5218 viduam
1673 5163 1819 5220 intra

217 5253 427 5327 primos
446 5268 566 5308 xxx
590 5251 710 5308 dies
751 5250 1062 5318 viduitatis,
1097 5251 1183 5305 vel
1233 5249 1467 5306 invitam
1514 5251 1604 5307 vel
1633 5252 1816 5307 volen-

217 5349 328 5399 tem
357 5343 465 5399 sibi
491 5339 854 5414 copulaverit,
908 5339 1156 5396 bannum
1196 5347 1473 5408 nostrum,
1520 5339 1577 5394 id
1619 5347 1701 5396 est
1749 5357 1819 5397 1.x

216 5430 519 5500 solidos,in
548 5431 719 5504 triplo
740 5436 1055 5502 componat,
1078 5436 1133 5486 et
1151 5429 1198 5486 si
1229 5429 1463 5487 invitam
1492 5443 1610 5484 eam
1631 5429 1815 5499 duxit,

218 5520 394 5595 legem
426 5539 581 5580 suam
612 5522 663 5580 ei
693 5528 1022 5594 componat:
1053 5521 1206 5580 illam
1253 5536 1384 5579 vero
1421 5519 1654 5579 ulterius
1706 5536 1817 5577 non

217 5612 480 5684 attingat.

1927 4587 1980 4636 et
2009 4579 2162 4636 illam
2193 4579 2455 4636 feminam
2485 4579 2534 4634 ei
2565 4577 2766 4634 habere
2798 4594 2910 4633 non
2945 4577 3126 4636 liceat.

1927 4688 2057 4746 CAP.
2091 4689 2182 4746 Vl.
2223 4690 2288 4746 Ut
2312 4689 2494 4744 nullus
2526 4687 2755 4743 occultas
2782 4686 3004 4757 nuptias
3027 4692 3140 4759 aut
3167 4692 3384 4759 raptum
3424 4687 3524 4759 fa-

1995 4761 2120 4826 ciat,
2165 4762 2245 4815 vel
2292 4777 2454 4830 quam
2494 4763 2833 4832 propinquus
2871 4758 3055 4832 habuit
3092 4758 3252 4816 ducat
3282 4777 3526 4830 uxorem,

1997 4832 2086 4886 sed
2114 4833 2350 4888 dotatam
2374 4839 2421 4887 et
2447 4831 2820 4904 a'parentibus
2853 4831 3129 4903 traditam,
3162 4850 3263 4904 per
3308 4833 3527 4888 benedi-

1995 4904 2214 4959 ctionem
2243 4904 2572 4961 sacerdotum
2601 4903 2826 4974 accipiat
2853 4919 3016 4974 quam
3048 4903 3378 4963 vultihabere
3403 4921 3526 4959 nmo.

1997 4991 2110 5030 rem
2121 5019 2132 5032 .

2405 5065 2492 5120 Ex
2521 5064 2667 5120 libro
2698 5083 2798 5135 vn,
2830 5065 2952 5137 cap.
2976 5065 3064 5120 70.

1999 5154 2124 5225 (vn,
2159 5155 2308 5227 127.)
2337 5155 2623 5213 Sancitum
2658 5165 2739 5213 est
2767 5165 2828 5212 ut
2860 5154 3094 5229 publicae
3118 5153 3323 5225 nuptiae
3353 5151 3422 5209 ab
3442 5151 3532 5210 his

1925 5243 2020 5316 qui
2049 5239 2256 5298 nubere
2282 5246 2515 5317 cupiunt
2547 5245 2702 5314 fiant,
2727 5244 2857 5317 quia
2885 5259 3026 5316 saepe
3057 5242 3116 5298 in
3146 5242 3358 5314 nuptiis
3387 5242 3528 5298 clam

1925 5333 2087 5389 factis
2117 5331 2305 5403 gravia
2334 5342 2573 5404 peccata,
2617 5341 2729 5389 tam
2768 5332 2828 5388 in
2855 5331 3070 5405 sponsis
3097 5331 3335 5386 aliorum
3367 5347 3530 5403 quam

1926 5432 1980 5480 et
2013 5422 2072 5478 in
2106 5421 2453 5494 propinquis,
2482 5423 2601 5480 sive
2631 5423 2963 5480 adulterinis
2989 5419 3282 5493 conjugiis,
3299 5428 3353 5476 et
3383 5419 3532 5494 quod

1926 5518 2082 5593 pejus
2111 5527 2194 5575 est
2223 5517 2430 5588 dicere,
2454 5534 2583 5575 cum
2613 5516 3061 5591 consanguineis,
3086 5524 3411 5576 accrescunt
3439 5516 3526 5574 vel

1929 5610 2371 5670 accumulantur.
2401 5609 2489 5666 Ex
2517 5608 2606 5669 his
2634 5617 2820 5669 autem
2853 5610 3130 5683 procreari
3170 5611 3351 5672 solent
3377 5611 3531 5682 caeci,
