4078 6182
507 208 645 270 1095

1607 204 1839 263 ISAACI
1876 205 2193 264 EPISCOPI
2234 207 2690 266 LINGONENSIS

3663 204 3811 267 1096

499 364 705 433 claudi,
738 362 909 435 gibbi,
942 373 995 418 et
1037 361 1191 434 lippi,
1221 361 1339 418 sive
1385 361 1510 417 aliis
1559 363 1813 434 turpibus
1854 362 2087 419 maculis
2116 364 2162 423 A
2194 366 2326 437 quid
2350 383 2419 422 ex
2448 366 2535 422 his
2565 382 2684 438 quae
2710 364 2956 422 virorum
2978 372 3107 421 sunt
3133 362 3333 421 oliiciis
3382 363 3646 437 deputata
3674 382 3815 438 pra:-

502 453 729 525 aspersi.
758 454 827 507 Et
858 451 962 506 hoc
993 466 1060 506 ne
1089 450 1349 522 deinceps
1379 450 1473 505 fiat
1502 450 1760 507 omnibus
1790 451 2092 507 cavendum

503 553 602 601 est.
640 543 745 599 Sed
770 541 922 614 prius
949 539 1361 597 conveniendus
1402 546 1483 595 est
1513 539 1784 607 sacerdos,
1836 541 1893 595 in
1939 541 2098 613 cujus

501 630 762 704 parochia
791 630 997 701 nuptiae
1028 628 1145 683 ﬁeri
1169 628 1389 696 debent,
1421 629 1479 684 in
1510 628 1739 686 ecclesia
1775 646 1959 685 coram
2006 646 2097 701 pc-

502 722 633 791 pulo
657 738 669 777 :
702 727 758 775 et
789 718 864 774 ibi
898 717 1178 790 inquirere
1207 734 1317 772 una
1337 734 1463 773 cum
1487 719 1691 789 populo
1713 717 1829 789 ipse
1848 716 2098 774 sacerdos

500 809 682 877 debet,
714 807 761 863 si
799 805 916 877 ejus
947 806 1254 878 propinqua
1301 805 1374 860 sit
1424 822 1495 861 an
1542 822 1673 875 non,
1729 815 1824 862 aut
1870 805 2099 861 alterius

502 915 664 966 uxor,
696 897 784 951 vel
814 911 1032 966 sponsa,
1048 895 1137 948 vel
1160 894 1427 950 adultera.
1448 896 1518 950 Et
1546 896 1590 951 si
1622 896 1777 952 licita
1798 904 1851 951 et
1869 894 2098 950 honesta

502 986 689 1042 omnia
718 985 921 1056 pariter
950 984 1246 1051 invenerit,
1278 993 1409 1040 tunc
1435 1001 1526 1055 per
1545 986 1839 1041 consilium
1858 992 1912 1039 et
1935 984 2095 1039 bene-

502 1072 799 1130 dictionem
836 1071 1157 1138 sacerdotis,
1194 1080 1248 1127 et
1273 1074 1531 1128 consultu
1556 1074 1793 1129 aliorum
1824 1073 2093 1127 bonorum

500 1164 811 1231 hominum,
849 1178 968 1218 eam
1011 1178 1267 1235 sponsare
1317 1170 1371 1219 et
1419 1164 1663 1235 legitime
1692 1164 1881 1220 dotare
1914 1163 2093 1219 debet.

501 1251 704 1310 Scribit
734 1268 971 1324 namque
1001 1251 1068 1307 de
1100 1252 1350 1323 legitimo
1379 1254 1735 1309 matrimonio
1757 1253 1948 1309 beatus
1989 1253 2095 1308 Au-

500 1342 753 1416 gustinus
778 1343 853 1397 ita
883 1360 894 1397 :
940 1341 1023 1397 Sit
1054 1351 1198 1407 casta
1230 1359 1286 1399 in
1317 1343 1654 1414 virginitate,
1675 1351 1727 1399 et
1743 1343 1928 1400 dotata
1951 1343 2096 1414 legi-

499 1431 652 1500 time,
686 1439 787 1487 eta
821 1431 1142 1504 parentibus
1183 1432 1390 1489 tradita
1417 1450 1637 1506 sponso,
1670 1442 1722 1491 et
1753 1451 1784 1490 a
1810 1449 2097 1506 paranym-

497 1521 623 1595 phis
650 1512 987 1594 acCipienda,
1016 1530 1069 1578 et
1090 1522 1165 1578 ita
1195 1524 1496 1579 secundum
1545 1525 1710 1597 legem
1753 1533 1807 1579 et
1836 1524 2096 1595 Evange-

497 1610 633 1667 lium
665 1610 900 1683 publicis
920 1612 1129 1683 nuptiis
1151 1611 1455 1681 honestata,
1483 1615 1538 1669 in
1561 1613 1819 1686 conjugio
1841 1612 1991 1669 licite
2012 1629 2098 1669 su-

489 1700 713 1769 menda,
751 1708 803 1756 et
833 1700 1090 1757 omnibus
1122 1702 1315 1758 diebus
1359 1703 1487 1758 vitae
1536 1720 1665 1771 sum,
1700 1703 1805 1758 nisi
1856 1719 1925 1758 ex
1970 1720 2092 1759 con-
2123 1724 2170 1785 Β

496 1806 663 1847 sensu
692 1797 746 1845 et
776 1806 937 1846 causa
977 1790 1210 1846 vacandi
1258 1791 1516 1858 Domino,
1550 1807 1832 1863 nunquam
1876 1802 2098 1864 propter

497 1876 783 1934 hominem
831 1878 1147 1949 separanda.
1184 1879 1255 1934 Et
1285 1879 1330 1933 si
1361 1878 1630 1935 fornicata
1669 1880 1858 1945 fuerit,
1906 1889 1959 1937 et
2008 1882 2095 1936 vir

495 1962 612 2037 ejus
636 1966 896 2033 voluerit,
919 1966 1270 2034 dimittenda,
1291 1968 1385 2022 sed
1416 1968 1511 2022 illa
1541 1968 1764 2024 vivente
1795 1970 1963 2025 altera
1986 1986 2095 2025 non

495 2050 762 2118 ducenda,
783 2052 911 2124 quia
928 2051 1162 2106 adulteri
1186 2067 1413 2123 regnum
1438 2051 1534 2107 Dei
1568 2068 1678 2106 non
1710 2053 2092 2125 possidebunt,

494 2152 548 2200 et
574 2143 897 2215 poenitentia
925 2142 1009 2198 illi
1031 2140 1368 2214 accipienda.
1388 2143 1574 2200 Nolite
1600 2160 1719 2212 vos,
1744 2144 1874 2210 viri,
1893 2145 2095 2200 habere

493 2248 694 2290 uxores
735 2248 967 2305 quarum
1013 2232 1222 2305 priores
1265 2231 1449 2288 mariti
1502 2232 1702 2289 vivunt
1735 2251 1746 2288 :
1786 2232 2096 2293 adulterina

494 2320 640 2379 enim
664 2331 792 2379 sunt
818 2320 920 2378 ista
950 2319 1224 2394 conjugia.
1249 2320 1321 2377 Et
1345 2320 1470 2390 hoc,
1497 2331 1559 2379 ut
1589 2321 2092 2391 diximus,omnino

493 2412 899 2486 providendum
926 2419 1025 2480 est,
1058 2428 1127 2467 ne
1153 2410 1271 2483 ejus
1300 2413 1373 2468 sit
1415 2413 1744 2485 propinqua,
1787 2412 1917 2486 quia
1961 2413 2092 2469 scri-

493 2514 647 2580 ptum
670 2514 750 2563 est
795 2524 805 2563 :
844 2506 1025 2563 Omnis
1055 2507 1205 2561 homo
1235 2506 1307 2561 ad
1336 2505 1651 2578 proximam
1685 2506 1962 2578 sanguinis
2007 2507 2093 2562 sui

491 2612 597 2651 non
617 2596 845 2663 accedat,
867 2600 925 2650 ut
943 2597 1131 2651 revelet
1146 2595 1523 2667 turpitudinem
1547 2594 1659 2665 ejus
1684 2596 1873 2667 (Leuit.
1899 2596 2088 2667 xvnr).

493 2683 763 2741 Similiter
789 2684 1054 2757 scriptum
1085 2693 1165 2741 est
1196 2704 1207 2741 :
1246 2686 1377 2742 Cum
1420 2703 1587 2741 uxore
1609 2686 1851 2758 proximi
1882 2687 1959 2742 tui
1989 2704 2093 2741 non

493 2772 671 2839 coibis,
725 2790 815 2827 nec
869 2774 1081 2828 seminis
1149 2773 1261 2843 ejus
1321 2776 1674 2831 commistione
1742 2775 2094 2831 maculaberis

497 2860 688 2933 (Lavit.
712 2860 837 2931 xx).
870 2861 940 2916 Et
972 2862 1025 2916 in
1055 2862 1421 2920 decretalibus
1470 2882 1620 2938 papm
1668 2865 1918 2938 Gregorii
1964 2866 2091 2938 legi-

494 2955 586 3007 tur
616 2967 627 3005 :
656 2947 710 3005 Si
768 2946 891 3021 quis
937 2949 1243 3018 diaconam,
1285 2960 1378 3007 aut
1426 2953 1774 3021 monacham,
1806 2962 1903 3010 aut
1947 2971 2090 3010 com-

493 3043 723 3094 matrem
756 3037 1080 3110 spiritalem,
1114 3047 1208 3094 aut
1238 3038 1426 3096 fratris
1452 3056 1707 3110 uxorem,
1736 3049 1829 3097 aut
1867 3051 2085 3115 neptam

491 3134 585 3184 aut
614 3143 926 3197 novercam,
963 3135 1057 3183 aut
1090 3144 1292 3185 nurum
1336 3146 1510 3199 suam,
1553 3138 1648 3187 aut
1676 3131 2086 3201 consobrinam,

492 3223 586 3273 aut
607 3217 674 3273 de
703 3217 925 3290 propria
953 3218 1300 3290 cognatione,
1345 3221 1434 3277 vel
1475 3236 1639 3294 quam
1685 3228 1949 3294 cognatus
1989 3221 2087 3277 ha-

490 3302 693 3376 buerit,
722 3307 946 3364 duxerit
975 3323 1229 3379 uxorem,
1260 3310 1550 3367 anathema
1580 3311 1672 3380 sit;
1696 3319 1752 3368 et
1781 3311 2088 3384 responde-

489 3406 618 3455 runt
649 3415 840 3456 omnes
868 3399 1056 3457 tertio:
1087 3401 1396 3459 Anathema
1419 3402 1509 3459 sit.
1535 3402 1589 3460 Si
1614 3402 1740 3477 quis
1760 3401 1983 3458 viduam
2006 3419 2087 3459 ra-

487 3489 687 3561 puerit,
709 3490 796 3545 vel
822 3489 1034 3546 furatus
1060 3491 1226 3547 fuerit
1260 3493 1318 3547 in
1353 3509 1607 3558 uxorem,
1628 3493 1716 3549 vel
1745 3491 2088 3549 consentien-

440 3608 447 3613 ~
486 3582 570 3633 tes
600 3578 673 3645 ei,
701 3578 993 3633 anathema
1024 3580 1123 3646 sit;
1157 3588 1211 3635 et
1239 3580 1641 3651 responderunt
1670 3597 1862 3637 omnes
1890 3581 2082 3639 tertio:

486 3664 794 3721 Anathema
822 3666 912 3722 sit.
935 3668 1006 3721 Et
1027 3667 1073 3721 si
1105 3668 1229 3739 quis
1259 3669 1558 3741 virginem,
1582 3669 1689 3725 nisi
1710 3669 2087 3742 desponsave—

484 3755 559 3810 rit
588 3769 727 3821 eam,
765 3753 1007 3826 rapuerit
1045 3755 1133 3811 vel
1166 3756 1380 3813 furatus
1410 3758 1578 3813 fuerit
1622 3758 1678 3812 in
1709 3775 1963 3829 uxorem,
1997 3761 2085 3816 vel

482 3841 886 3900 consentientes
910 3843 1279 3911 ei,anathema
1310 3845 1401 3913 sit;
1442 3853 1496 3901 et
1526 3846 1927 3918 responderunt
1956 3864 2086 3904 om-

481 3948 579 3988 nes
601 3932 1103 3988 tertio:Anathema
1129 3934 1226 3989 sit.
1280 3934 1352 3990 Et
1374 3934 1506 3989 alibi
1535 3935 1594 3990 in
1624 3935 1931 3992 canonibus
1952 3953 2085 4009 prae-

481 4028 702 4090 ceptum
734 4026 817 4075 est
837 4026 899 4074 ut
928 4035 1091 4075 nemo
1121 4035 1294 4092 usque
1323 4022 1393 4078 ad
1439 4022 1722 4079 afﬁnitatis
1769 4023 1966 4081 lineam
2014 4043 2085 4083 ex

482 4108 895 4182 propinquitate
919 4108 1003 4165 sui
1034 4109 1320 4181 sanguinis
1368 4111 1645 4168 connubia
1690 4111 1873 4183 ducat,
1908 4130 2083 4187 neque

481 4197 793 4270 virginibus
822 4197 941 4255 sine
970 4198 1357 4256 benedictione
1386 4201 1682 4258 sacerdotis
1715 4202 1841 4275 quis
1871 4203 2080 4260 nubere

479 4286 1025 4360 praesumat.0ppido
1041 4288 1191 4343 enim
1223 4287 1327 4344 ista
1353 4288 1541 4344 omnia
1569 4289 1812 4345 cavenda
1845 4298 1973 4346 sunt
2010 4305 2080 4345 ne

477 4375 631 4434 ﬁant.
677 4377 781 4435 Sed
814 4387 1102 4453 postquam
1133 4379 1237 4437 ista
1270 4379 1457 4435 omnia
1502 4380 1728 4451 probata
1751 4379 1975 4448 fuerint,
2026 4386 2080 4435 et

478 4462 621 4519 nihil
641 4463 1021 4536 impedierint,
1054 4473 1188 4522 tunc
1213 4465 1260 4522 si
1292 4466 1449 4538 virgo
1482 4466 1664 4534 fuerit,
1700 4482 1826 4522 cum
1854 4467 2075 4524 benedi-
2106 4455 2156 4515 D

476 4552 667 4610 ctione
694 4554 1017 4623 sacerdotis,
1062 4555 1207 4612 sicut
1253 4555 1311 4610 in
1358 4554 1785 4611 sacramentario
1814 4556 2077 4613 contine-

474 4648 585 4712 tur,
614 4652 667 4700 et
696 4660 823 4700 cum
851 4644 1086 4702 consilio
1117 4646 1421 4701 multorum
1453 4643 1725 4701 bonorum
1758 4644 2071 4717 hominum,

473 4730 693 4805 publice
725 4741 913 4789 etnon
936 4734 1154 4796 occulte
1183 4733 1433 4790 ducenda
1454 4740 1535 4790 est
1564 4750 1723 4802 uxor,
1757 4742 1819 4790 ut
1845 4735 1978 4792 boni
2006 4735 2074 4793 ab

472 4818 563 4877 his
596 4820 720 4890 ﬁlii,
753 4822 990 4878 Domino
1025 4822 1337 4893 miserante,
1370 4832 1742 4896 procreantur,
1775 4834 1830 4883 et
1855 4841 1968 4882 non
1996 4833 2072 4883 ta-

470 4909 570 4980 les,
603 4909 746 4969 sicut
772 4911 1024 4985 superius
1053 4911 1261 4969 dictum
1293 4920 1392 4969 est.

469 5084 601 5151 CAP.
629 5091 751 5168 VI].
782 5091 860 5168 _De
885 5087 1193 5168 raptoribus
1216 5087 1504 5168 viduarum
1534 5090 1613 5168 vel
1639 5093 1924 5168 uirginum,
1947 5103 2070 5155 etut

680 5164 892 5236 femina
919 5165 1088 5221 sacris
1113 5164 1380 5222 altaribus
1408 5181 1514 5220 non
1534 5164 1852 5229 ministrent.

948 5266 1038 5329 Ex
1064 5270 1274 5343 eodem,
1306 5287 1425 5347 cap.
1460 5270 1582 5333 248.

536 5398 819 5458 Sancitum
847 5408 929 5458 est
970 5406 1034 5456 ut
1082 5408 1325 5474 raptores
1373 5402 1687 5474 viduarum,
1738 5406 1828 5463 vel
1882 5407 2064 5479 virgi-

2206 463 2445 511 sumant.

2207 583 2339 641 Car.
2371 583 2517 640 VIII.
2542 583 2617 639 De
2638 583 2719 639 his
2761 583 2853 654 qui
2900 583 3122 653 rapiunt
3168 582 3416 652 feminas,
3454 590 3514 638 ut
3570 601 3659 639 ea:
3706 603 3815 640 non

2276 656 2727 722 habeantuxores,
2760 656 3047 726 etqualiter
3074 656 3136 710 de
3156 656 3328 726 raptis
3354 656 3617 727 agendum
3645 657 3737 713 sit.

2672 754 2760 809 Ex
2788 753 2999 822 eodem,
3032 769 3150 826 cap.
3180 752 3305 811 395.

2281 862 2406 937 (vn,
2440 863 2592 936 311.)
2624 864 2839 922 Placuit
2863 872 2924 920 ut
2957 863 3016 919 hi
3049 864 3141 936 qui
3174 864 3395 937 rapiunt
3425 864 3683 934 feminas,
3721 867 3813 921 vel

2208 952 2481 1021 furantur,
2529 962 2624 1009 aut
2675 952 2964 1020 seducunt,
3010 958 3071 1007 ut
3099 968 3189 1008 eas
3225 952 3545 1009 nullatenus
3572 952 3815 1010 habeant

2206 1057 2424 1109 uxores,
2458 1043 2711 1115 quamvis
2757 1041 2835 1097 eis
2874 1040 3226 1114 postmodum
3265 1041 3580 1111 conveniat,
3634 1049 3689 1097 et
3719 1059 3816 1099 eas

2205 1129 2541 1199 dotaverint,
2567 1131 2655 1187 vel
2684 1130 3011 1203 nuptialiter
3038 1146 3164 1186 cum
3196 1145 3469 1187 consensu
3514 1140 3813 1203 parentum

2205 1237 2428 1277 suorum
2477 1220 2805 1293 acceperint.
2852 1219 2909 1275 Si
2950 1219 3074 1292 quis
3113 1226 3296 1275 autem
3340 1236 3572 1277 uxorem
3604 1220 3815 1278 habere

2206 1308 2467 1378 voluerit,
2497 1307 2762 1365 canonice
2792 1316 2845 1365 et
2893 1308 3143 1380 legaliter
3170 1325 3288 1365 eam
3320 1310 3575 1383 accipiat,
3608 1319 3663 1366 et
3693 1328 3814 1368 non

2206 1402 2403 1475 rapiat.
2426 1400 2531 1468 Qui
2555 1416 2686 1457 vero
2715 1416 2834 1456 eam
2866 1401 3126 1473 rapuerit,
3159 1400 3245 1455 vel
3275 1400 3488 1459 furatus
3516 1402 3812 1471 fuerit,aut

2207 1491 2508 1560 seduxerit,
2543 1508 2824 1564 nunquam
2854 1508 2972 1547 eam
3005 1508 3234 1548 uxorem
3279 1492 3494 1561 habeat,
3543 1494 3638 1551 sed
3676 1511 3814 1567 pro~

2208 1581 2432 1654 pinquis
2457 1582 2572 1637 suis
2602 1598 2720 1637 eam
2754 1580 2966 1653 legibus
2984 1581 3196 1651 reddat,
3228 1591 3281 1639 et
3309 1582 3366 1638 in
3397 1583 3562 1656 triplo
3582 1584 3813 1656 plenum

2206 1670 2451 1725 bannum
2491 1669 2833 1727 dominicum
2862 1677 3176 1742 componat,
3209 1677 3264 1726 et
3293 1670 3518 1744 insuper
3545 1672 3815 1729 canonice

2207 1758 2483 1832 publicam
2514 1759 2897 1832 pcenitentiam
2931 1766 3098 1831 gerat.
3140 1758 3227 1815 Ad
3274 1760 3422 1833 quod
3465 1777 3658 1817 omnes
3700 1778 3813 1818 una

2205 1866 2339 1907 voce
2369 1850 2747 1907 clamaverunt
2776 1850 3058 1907 dicentes:
3091 1851 3200 1907 Ista
3243 1867 3435 1908 omnes
3473 1860 3661 1909 tenere
3704 1855 3813 1912 ﬁr-

2207 1939 2372 1996 miter
2400 1942 2678 2009 volumus,
2702 1948 2756 1996 et
2777 1940 2834 1996 in
2867 1949 3189 2014 perpetuum
3221 1941 3290 1998 ab
3310 1943 3572 2000 omnibus
3593 1961 3810 2002 conscr-

2205 2028 2322 2084 vari
2350 2036 2624 2101 optamus.

2719 2175 3112 2233 TITULUS
3168 2176 3280 2236 VI.

2800 2292 2871 2331 DE
2892 2291 3207 2333 RAPACIBUS.

2205 2388 2337 2444 CAP.
2379 2388 2427 2446 Ι.
2486 2387 2566 2444 De
2606 2386 2687 2443 his
2724 2389 2817 2459 qui
2863 2390 3013 2461 infra
3056 2408 3275 2474 regnum
3304 2409 3405 2465 per
3438 2390 3547 2448 vim
3591 2392 3805 2464 aliquid

2844 2471 3143 2534 rapuerint.

2598 2559 2681 2614 Ex
2714 2559 2857 2615 libro
2905 2578 2960 2628 v,
3011 2562 3253 2634 capitulo
3281 2562 3406 2621 341.

2278 2654 2422 2727 (Lib.
2448 2674 2485 2713 v
2519 2657 2846 2729 Capitular.,
2878 2675 2996 2732 cap.
3037 2659 3186 2734 189.)
3215 2661 3269 2718 Si
3301 2662 3425 2735 quis
3466 2662 3526 2718 in
3555 2663 3809 2719 exercitu

2204 2744 2347 2800 infra
2382 2762 2626 2819 regnum,
2660 2748 2779 2803 sine
2803 2747 3051 2819 jussione
3082 2750 3379 2820 dominica,
3415 2767 3510 2824 per
3539 2753 3655 2808 vim
3707 2753 3801 2808 hc-

2202 2835 2383 2892 stilem
2416 2837 2625 2910 aliquid
2652 2838 2884 2911 praedari
2936 2839 3197 2910 voluerit,
3245 2850 3338 2898 aut
3367 2843 3557 2899 fenum
3588 2844 3806 2912 tollere,

2201 2932 2295 2980 aut
2320 2941 2572 2997 granum,
2606 2928 2723 2984 sive
2750 2945 2945 3001 pecora
2966 2929 3175 3003 majora
3200 2932 3285 2988 vel
3317 2932 3555 3000 minora,
3582 2932 3803 2990 domos~

2201 3030 2307 3088 que
2349 3014 2650 3088 infringere
2682 3018 2768 3073 vel
2800 3018 3112 3090 incendere,
3144 3021 3260 3078 haec
3311 3038 3381 3078 ne
3406 3021 3540 3078 [iant
3571 3025 3803 3079 omnino

2125 3088 2169 3151 α
2200 3104 2575 3176 prohibemus.
2600 3106 2756 3173 Quod
2771 3107 2817 3164 si
2857 3109 2924 3165 ab
2952 3088 3139 3184 aliquo
3155 3114 3570 3185 praesumptiose
3591 3113 3797 3170 factum

2199 3195 2387 3265 fuerit,
2422 3211 2492 3251 ιχ
2516 3197 2743 3268 solidos,
2774 3199 2820 3255 si
2847 3199 2984 3257 liber
3011 3210 3113 3272 est,
3146 3203 3217 3260 sit
3247 3203 3565 3277 culpabilis,
3599 3213 3654 3260 et
3684 3222 3801 3260 om-

2197 3284 2291 3341 nia
2319 3284 2529 3341 similia
2554 3288 2829 3358 restituat,
2861 3297 2957 3347 aut
2985 3291 3277 3350 duodecim
3308 3293 3543 3350 testibus
3572 3309 3629 3349 se
3658 3310 3804 3366 pur—

2198 3382 2304 3448 get.
2339 3375 2397 3431 Si
2425 3392 2556 3432 vero
2584 3394 2777 3435 servus
2797 3378 2902 3436 hoc
2931 3381 3140 3449 fecerit,
3174 3383 3397 3455 capitali
3421 3384 3645 3439 crimini
3674 3382 3801 3439 sul:-

2191 3464 2390 3538 jaceat,
2425 3473 2478 3521 et
2506 3466 2766 3524 dominus
2792 3470 2979 3526 omnia
3010 3470 3215 3527 similia
3237 3475 3509 3541 restituat,
3541 3472 3669 3546 quia
3690 3489 3798 3527 ser-

2196 3570 2327 3610 vum
2349 3571 2510 3611 suum
2535 3572 2646 3612 non
2668 3559 2926 3628 correxit,
2958 3576 3058 3617 nec
3085 3561 3407 3631 custodivit,
3431 3570 3493 3619 ut
3525 3563 3656 3619 talia
3686 3578 3798 3619 non

2148 3670 2155 3675 -
2201 3653 2558 3716 perpetraret.
2594 3645 2753 3714 Quod
2804 3648 2849 3704 si
2900 3664 3001 3704 nos
3050 3649 3199 3723 ipsos
3255 3651 3619 3719 comedimus,
3685 3651 3802 3708 cito

2197 3732 2534 3792 deficiamus.
2589 3737 2975 3813 Unusquisque
3035 3749 3215 3797 tamen
3252 3741 3529 3798 custodiat
3575 3742 3803 3798 exerci-

2194 3829 2313 3879 tum
2371 3840 2555 3896 suum,
2616 3842 2684 3884 ne
2739 3828 2924 3902 aliqua
2976 3829 3312 3903 depraedatio
3365 3831 3512 3888 infra
3567 3846 3799 3903 regnum

2195 3910 2308 3965 ﬁat.

2235 3919 2308 3969 at.

2194 4035 2325 4094 CAP.
2360 4038 2429 4096 II.
2476 4040 2553 4096 De
2605 4042 2686 4097 his
2732 4043 2825 4114 qui
2860 4044 3083 4117 rapinas
3129 4044 3279 4116 infra
3317 4062 3535 4118 regnum
3559 4046 3795 4116 faciunt.

2650 4141 2737 4195 Ex
2783 4141 2923 4197 libro
2956 4159 3031 4211 v1,
3067 4160 3185 4216 cap.
3225 4144 3315 4199 97.

2264 4236 2369 4308 (vr,
2409 4237 2526 4310 96.)
2559 4237 2614 4294 Si
2655 4239 2778 4311 quis
2827 4240 2971 4297 infra
3020 4258 3247 4315 regnum
3293 4244 3540 4315 rapinam
3568 4242 3790 4311 fecerit,

2188 4333 2282 4382 aut
2309 4328 2563 4401 cuiquam
2593 4337 2782 4386 nostro
2818 4330 2966 4388 ﬁdeli
3003 4332 3226 4407 ejusque
3253 4333 3467 4390 homini
3491 4332 3708 4405 aliquid
3732 4334 3795 4388 vi

2186 4414 2495 4486 abstulerit,
2529 4417 2587 4473 in
2618 4419 2786 4492 triplo
2811 4420 2901 4477 cui
2926 4420 3136 4494 aliquid
3156 4422 3385 4478 abstulit
3411 4422 3620 4494 legibus
3633 4438 3795 4479 com-

2184 4519 2373 4584 ponat,
2395 4521 2449 4569 et
2487 4512 2711 4587 insuper
2737 4514 2983 4573 bannum
3015 4525 3287 4587 nostrum,
3316 4517 3374 4575 id
3410 4525 3492 4574 est
3519 4534 3592 4573 ιχ
3633 4519 3796 4574 soli—

2184 4603 2303 4672 dos,
2339 4605 2500 4661 nobis
2537 4608 2833 4679 persolvat.
2884 4609 3237 4666 Postmodum
3272 4628 3405 4668 vero
3435 4620 3557 4668 ante
3602 4628 3707 4668 nos
3762 4630 3797 4669 a

2182 4694 2385 4751 comite
2437 4694 2760 4766 adducatur,
2810 4706 2873 4754 ut
2912 4698 2969 4755 in
2999 4698 3285 4757 bastonico
3317 4707 3557 4757 retrusus
3581 4715 3794 4772 usque-

2181 4781 2312 4838 dum
2342 4783 2502 4841 nobis
2545 4786 2813 4857 placuerit
2863 4803 3049 4860 pmnas
3104 4787 3238 4845 luat.
3292 4789 3429 4845 Nam
3460 4788 3506 4843 si
3558 4788 3796 4861 publice

2180 4880 2361 4928 actum
2390 4872 2575 4941 fuerit,
2600 4875 2880 4946 publicam
2904 4876 3032 4932 inde
3062 4886 3183 4949 agat
3210 4877 3586 4950 paenitentiam
3614 4877 3799 4949 juxta

2180 4967 2494 5017 sanctorum
2543 4978 2818 5021 canonum
2866 4966 3229 5022 sanctionem.
3272 4966 3332 5022 Si
3372 4981 3504 5022 vero
3533 4967 3791 5037 occulte,

2177 5049 2523 5109 sacerdotum
2553 5054 2788 5111 consilio
2817 5071 2887 5112 ex
2908 5054 3014 5113 hoc
3036 5065 3158 5129 agat
3188 5056 3570 5130 paenitentiam
3596 5075 3610 5125 ;
3643 5073 3795 5129 quo-

2175 5140 2327 5198 niam
2356 5149 2618 5215 raptores,
2643 5153 2705 5201 ut
2732 5144 2813 5202 ait
2839 5146 3158 5218 Apostolus,
3189 5146 3299 5202 nisi
3338 5162 3524 5202 veram
3561 5147 3794 5218 egerint

2175 5232 2576 5305 paenitentiam,
2597 5251 2814 5307 regnum
2842 5235 2942 5291 Dei
2960 5252 3065 5291 non
3084 5236 3421 5307 possidebunt
3439 5237 3501 5307 (Ι
3515 5235 3639 5292 Cor.
3661 5239 3790 5308 v1).

2174 5320 2278 5387 Qui
2311 5339 2441 5379 vero
2487 5323 2555 5380 de
2596 5323 2758 5381 rebus
2799 5326 3158 5382 ecclesiarum
3205 5323 3419 5399 aliquid
3458 5324 3788 5396 abstulerit,

2172 5410 2390 5482 gravius
2419 5411 2546 5467 inde
2560 5410 2863 5485 judicetur,
2887 5414 3019 5488 quia
3037 5430 3315 5471 sacrarum
3345 5430 3530 5471 rerum
3563 5414 3787 5473 ablatio

462 5499 620 5578 num,
670 5489 738 5544 ab
790 5490 1051 5547 Ecclesiae
1093 5492 1482 5569 communione
1534 5495 1830 5567 pellantur,
1890 5504 1944 5552 et
2002 5503 2064 5553 ut
2168 5500 2515 5573 sacrilegium
2547 5512 2647 5572 est,
2678 5512 2732 5561 et
2751 5505 3049 5577 sacrilegus
3079 5500 3313 5563 vocatur
3337 5505 3431 5578 qui
3460 5520 3529 5561 ex
3564 5505 3650 5561 eis
3672 5506 3785 5562 ali-

463 5570 687 5631 femina:
735 5578 903 5634 sacris
948 5580 1213 5638 altaribus
1274 5597 1387 5638 non
1431 5583 1768 5651 ministrent,
1823 5585 1911 5640 vel
1963 5585 2061 5643 ali-

2171 5590 2302 5661 quid
2331 5597 2427 5646 aut
2472 5591 2781 5663 abstulerit,
2821 5601 2916 5652 aut
2953 5594 3215 5668 rapuerit.
3264 5594 3501 5652 Infames
3546 5608 3787 5668 quoque
