  <div class='ocr_page' id='page_1' title='image "/cluster/home/n/w/nwhite01/storage/ocr_20150623/124/hvd.32044054759865/554.png"; bbox 0 0 4056 6190; ppageno 0'>
   <div class='ocr_carea' id='block_1_1' title="bbox 256 391 402 454">
    <p class='ocr_par' dir='ltr' id='par_1_1' title="bbox 256 391 402 454">
     <span class='ocr_line' id='line_1_1' title="bbox 256 391 402 454; baseline 0.014 -2"><span class='ocrx_word' id='word_1_1' title='bbox 256 391 402 454; x_wconf 80' lang='grc'><strong>1097</strong></span> 
     </span>
    </p>
   </div>
   <div class='ocr_carea' id='block_1_2' title="bbox 250 556 1846 656">
    <p class='ocr_par' dir='ltr' id='par_1_2' title="bbox 250 556 1846 656">
     <span class='ocr_line' id='line_1_2' title="bbox 250 556 1846 656; baseline 0.021 -46"><span class='ocrx_word' id='word_1_2' title='bbox 250 556 395 612; x_wconf 90' lang='lat' dir='ltr'><strong>tales</strong></span> <span class='ocrx_word' id='word_1_3' title='bbox 446 571 693 629; x_wconf 85' lang='lat' dir='ltr'><strong>persona</strong></span> <span class='ocrx_word' id='word_1_4' title='bbox 748 567 1037 656; x_wconf 82' lang='lat' dir='ltr'><strong>usquead</strong></span> <span class='ocrx_word' id='word_1_5' title='bbox 1093 572 1524 635; x_wconf 78' lang='lat' dir='ltr'><strong>satisfactionem</strong></span> <span class='ocrx_word' id='word_1_6' title='bbox 1579 582 1846 656; x_wconf 84' lang='lat' dir='ltr'><strong>ecclesia,</strong></span> 
     </span>
    </p>
   </div>
   <div class='ocr_carea' id='block_1_3' title="bbox 248 647 1213 720">
    <p class='ocr_par' dir='ltr' id='par_1_3' title="bbox 248 647 1213 720">
     <span class='ocr_line' id='line_1_3' title="bbox 248 647 1213 720; baseline 0.022 -21"><span class='ocrx_word' id='word_1_7' title='bbox 248 660 422 718; x_wconf 88' lang='lat' dir='ltr'><strong>quam</strong></span> <span class='ocrx_word' id='word_1_8' title='bbox 454 647 735 720; x_wconf 85' lang='lat' dir='ltr'><strong>laserunt,</strong></span> <span class='ocrx_word' id='word_1_9' title='bbox 768 663 900 711; x_wconf 89' lang='lat' dir='ltr'><strong>sunt</strong></span> <span class='ocrx_word' id='word_1_10' title='bbox 928 655 1213 720; x_wconf 85' lang='lat' dir='ltr'><strong>habenda.</strong></span> 
     </span>
    </p>
   </div>
   <div class='ocr_carea' id='block_1_4' title="bbox 321 767 1781 868">
    <p class='ocr_par' dir='ltr' id='par_1_4' title="bbox 321 767 1781 868">
     <span class='ocr_line' id='line_1_4' title="bbox 321 767 1781 868; baseline 0.018 -42"><span class='ocrx_word' id='word_1_11' title='bbox 321 767 456 826; x_wconf 89' lang='lat' dir='ltr'><strong>CAP.</strong></span> <span class='ocrx_word' id='word_1_12' title='bbox 481 770 577 829; x_wconf 91' lang='lat' dir='ltr'><strong>III.</strong></span> <span class='ocrx_word' id='word_1_13' title='bbox 617 773 682 830; x_wconf 85' lang='lat' dir='ltr'><strong>Ut</strong></span> <span class='ocrx_word' id='word_1_14' title='bbox 704 776 868 868; x_wconf 69' lang='lat' dir='ltr'><strong>sociqs</strong></span> <span class='ocrx_word' id='word_1_15' title='bbox 899 797 1021 868; x_wconf 61' lang='lat' dir='ltr'><strong>sups</strong></span> <span class='ocrx_word' id='word_1_16' title='bbox 1048 793 1277 868; x_wconf 59' lang='lat' dir='ltr'><strong>nemina</strong></span> <span class='ocrx_word' id='word_1_17' title='bbox 1303 792 1448 868; x_wconf 85' lang='lat' dir='ltr'><strong>apud</strong></span> <span class='ocrx_word' id='word_1_18' title='bbox 1475 809 1627 865; x_wconf 86' lang='lat' dir='ltr'><strong>quem</strong></span> <span class='ocrx_word' id='word_1_19' title='bbox 1648 813 1781 868; x_wconf 83' lang='lat' dir='ltr'><strong>pars</strong></span> 
     </span>
    </p>
   </div>
   <div class='ocr_carea' id='block_1_5' title="bbox 708 849 1386 923">
    <p class='ocr_par' dir='ltr' id='par_1_5' title="bbox 708 849 1386 923">
     <span class='ocr_line' id='line_1_5' title="bbox 708 849 1386 923; baseline 0.025 -22"><span class='ocrx_word' id='word_1_20' title='bbox 708 849 919 919; x_wconf 77' lang='lat' dir='ltr'><strong>rapina</strong></span> <span class='ocrx_word' id='word_1_21' title='bbox 947 852 1115 923; x_wconf 80' lang='lat' dir='ltr'><strong>fuerit</strong></span> <span class='ocrx_word' id='word_1_22' title='bbox 1156 849 1386 918; x_wconf 71' lang='lat' dir='ltr'><strong>inventa.</strong></span> 
     </span>
    </p>
   </div>
   <div class='ocr_carea' id='block_1_6' title="bbox 740 945 1382 1028">
    <p class='ocr_par' dir='ltr' id='par_1_6' title="bbox 740 945 1382 1028">
     <span class='ocr_line' id='line_1_6' title="bbox 740 945 1382 1028; baseline 0.023 -27"><span class='ocrx_word' id='word_1_23' title='bbox 740 945 830 1003; x_wconf 87' lang='lat' dir='ltr'><strong>Ex</strong></span> <span class='ocrx_word' id='word_1_24' title='bbox 859 950 1070 1021; x_wconf 92' lang='lat' dir='ltr'><strong>eodem,</strong></span> <span class='ocrx_word' id='word_1_25' title='bbox 1107 970 1226 1028; x_wconf 94' lang='lat' dir='ltr'><strong>cap.</strong></span> <span class='ocrx_word' id='word_1_26' title='bbox 1257 957 1382 1015; x_wconf 89' lang='lat'><strong>355.</strong></span> 
     </span>
    </p>
   </div>
   <div class='ocr_carea' id='block_1_7' title="bbox 319 1057 1850 1157">
    <p class='ocr_par' dir='ltr' id='par_1_7' title="bbox 319 1057 1850 1157">
     <span class='ocr_line' id='line_1_7' title="bbox 319 1057 1850 1157; baseline 0.019 -44"><span class='ocrx_word' id='word_1_27' title='bbox 319 1057 427 1131; x_wconf 81' lang='lat' dir='ltr'><strong>(vr,</strong></span> <span class='ocrx_word' id='word_1_28' title='bbox 459 1058 622 1157; x_wconf 74' lang='grc'><strong>135.)</strong></span> <span class='ocrx_word' id='word_1_29' title='bbox 641 1061 805 1157; x_wconf 79' lang='lat' dir='ltr'><strong>Apud</strong></span> <span class='ocrx_word' id='word_1_30' title='bbox 844 1081 1003 1138; x_wconf 87' lang='lat' dir='ltr'><strong>quem</strong></span> <span class='ocrx_word' id='word_1_31' title='bbox 1035 1071 1212 1129; x_wconf 82' lang='lat' dir='ltr'><strong>scelus</strong></span> <span class='ocrx_word' id='word_1_32' title='bbox 1240 1077 1578 1149; x_wconf 79' lang='lat' dir='ltr'><strong>agnoscitur,</strong></span> <span class='ocrx_word' id='word_1_33' title='bbox 1628 1089 1683 1138; x_wconf 89' lang='lat' dir='ltr'><strong>et</strong></span> <span class='ocrx_word' id='word_1_34' title='bbox 1726 1100 1850 1157; x_wconf 89' lang='lat' dir='ltr'><strong>pars</strong></span> 
     </span>
    </p>
   </div>
   <div class='ocr_carea' id='block_1_8' title="bbox 244 1147 1849 1231">
    <p class='ocr_par' dir='ltr' id='par_1_8' title="bbox 244 1147 1849 1231">
     <span class='ocr_line' id='line_1_8' title="bbox 244 1147 1849 1231; baseline 0.017 -28"><span class='ocrx_word' id='word_1_35' title='bbox 244 1147 455 1220; x_wconf 83' lang='lat' dir='ltr'><strong>rapina</strong></span> <span class='ocrx_word' id='word_1_36' title='bbox 483 1148 651 1206; x_wconf 89' lang='lat' dir='ltr'><strong>fuerit</strong></span> <span class='ocrx_word' id='word_1_37' title='bbox 680 1150 925 1220; x_wconf 88' lang='lat' dir='ltr'><strong>inventa,</strong></span> <span class='ocrx_word' id='word_1_38' title='bbox 970 1159 1153 1216; x_wconf 80' lang='lat' dir='ltr'><strong>statim</strong></span> <span class='ocrx_word' id='word_1_39' title='bbox 1204 1163 1381 1221; x_wconf 90' lang='lat' dir='ltr'><strong>socios</strong></span> <span class='ocrx_word' id='word_1_40' title='bbox 1407 1183 1536 1225; x_wconf 88' lang='lat' dir='ltr'><strong>suos</strong></span> <span class='ocrx_word' id='word_1_41' title='bbox 1564 1172 1849 1231; x_wconf 85' lang='lat' dir='ltr'><strong>nominare</strong></span> 
     </span>
    </p>
   </div>
   <div class='ocr_carea' id='block_1_9' title="bbox 241 1238 1847 1325">
    <p class='ocr_par' dir='ltr' id='par_1_9' title="bbox 241 1238 1847 1325">
     <span class='ocr_line' id='line_1_9' title="bbox 241 1238 1847 1325; baseline 0.018 -31"><span class='ocrx_word' id='word_1_42' title='bbox 241 1246 491 1310; x_wconf 77' lang='lat' dir='ltr'><strong>cogatur.</strong></span> <span class='ocrx_word' id='word_1_43' title='bbox 516 1238 675 1308; x_wconf 85' lang='lat' dir='ltr'><strong>Quod</strong></span> <span class='ocrx_word' id='word_1_44' title='bbox 696 1241 742 1298; x_wconf 90' lang='lat' dir='ltr'><strong>si</strong></span> <span class='ocrx_word' id='word_1_45' title='bbox 769 1244 1057 1305; x_wconf 89' lang='lat' dir='ltr'><strong>nominare</strong></span> <span class='ocrx_word' id='word_1_46' title='bbox 1077 1251 1341 1325; x_wconf 86' lang='lat' dir='ltr'><strong>noluerit,</strong></span> <span class='ocrx_word' id='word_1_47' title='bbox 1368 1263 1623 1317; x_wconf 74' lang='lat' dir='ltr'><strong>teneatur</strong></span> <span class='ocrx_word' id='word_1_48' title='bbox 1640 1262 1709 1320; x_wconf 90' lang='lat' dir='ltr'><strong>ad</strong></span> <span class='ocrx_word' id='word_1_49' title='bbox 1728 1265 1847 1322; x_wconf 88' lang='lat' dir='ltr'><strong>vin-</strong></span> 
     </span>
    </p>
   </div>
   <div class='ocr_carea' id='block_1_10' title="bbox 239 1325 1846 1420">
    <p class='ocr_par' dir='ltr' id='par_1_10' title="bbox 239 1325 1846 1420">
     <span class='ocr_line' id='line_1_10' title="bbox 239 1325 1846 1420; baseline 0.018 -37"><span class='ocrx_word' id='word_1_50' title='bbox 239 1325 474 1386; x_wconf 91' lang='lat' dir='ltr'><strong>dictam.</strong></span> <span class='ocrx_word' id='word_1_51' title='bbox 504 1327 664 1396; x_wconf 88' lang='lat' dir='ltr'><strong>Quod</strong></span> <span class='ocrx_word' id='word_1_52' title='bbox 690 1330 736 1386; x_wconf 88' lang='lat' dir='ltr'><strong>si</strong></span> <span class='ocrx_word' id='word_1_53' title='bbox 767 1330 1054 1393; x_wconf 86' lang='lat' dir='ltr'><strong>honestior</strong></span> <span class='ocrx_word' id='word_1_54' title='bbox 1081 1355 1313 1412; x_wconf 86' lang='lat' dir='ltr'><strong>persona</strong></span> <span class='ocrx_word' id='word_1_55' title='bbox 1341 1353 1443 1416; x_wconf 90' lang='lat' dir='ltr'><strong>est,</strong></span> <span class='ocrx_word' id='word_1_56' title='bbox 1472 1364 1571 1420; x_wconf 93' lang='lat' dir='ltr'><strong>pro</strong></span> <span class='ocrx_word' id='word_1_57' title='bbox 1599 1369 1657 1409; x_wconf 90' lang='lat' dir='ltr'><strong>se</strong></span> <span class='ocrx_word' id='word_1_58' title='bbox 1684 1354 1846 1412; x_wconf 90' lang='lat' dir='ltr'><strong>ratio-</strong></span> 
     </span>
    </p>
   </div>
   <div class='ocr_carea' id='block_1_11' title="bbox 239 1419 1845 1519">
    <p class='ocr_par' dir='ltr' id='par_1_11' title="bbox 239 1419 1845 1519">
     <span class='ocr_line' id='line_1_11' title="bbox 239 1419 1845 1519; baseline 0.019 -45"><span class='ocrx_word' id='word_1_59' title='bbox 239 1433 369 1476; x_wconf 89' lang='lat' dir='ltr'><strong>nem</strong></span> <span class='ocrx_word' id='word_1_60' title='bbox 398 1419 614 1489; x_wconf 86' lang='lat' dir='ltr'><strong>reddat,</strong></span> <span class='ocrx_word' id='word_1_61' title='bbox 636 1429 691 1478; x_wconf 89' lang='lat' dir='ltr'><strong>et</strong></span> <span class='ocrx_word' id='word_1_62' title='bbox 715 1439 836 1497; x_wconf 87' lang='lat' dir='ltr'><strong>qua</strong></span> <span class='ocrx_word' id='word_1_63' title='bbox 852 1426 1033 1486; x_wconf 86' lang='lat' dir='ltr'><strong>ablata</strong></span> <span class='ocrx_word' id='word_1_64' title='bbox 1051 1433 1139 1491; x_wconf 88' lang='lat' dir='ltr'><strong>vel</strong></span> <span class='ocrx_word' id='word_1_65' title='bbox 1156 1449 1346 1493; x_wconf 88' lang='lat' dir='ltr'><strong>eversa</strong></span> <span class='ocrx_word' id='word_1_66' title='bbox 1365 1419 1594 1511; x_wconf 78' lang='lat' dir='ltr'><strong>fuerint,</strong></span> <span class='ocrx_word' id='word_1_67' title='bbox 1628 1442 1687 1500; x_wconf 91' lang='lat' dir='ltr'><strong>in</strong></span> <span class='ocrx_word' id='word_1_68' title='bbox 1716 1460 1845 1519; x_wconf 87' lang='lat' dir='ltr'><strong>qua-</strong></span> 
     </span>
    </p>
   </div>
   <div class='ocr_carea' id='block_1_12' title="bbox 239 1506 1844 1607">
    <p class='ocr_par' dir='ltr' id='par_1_12' title="bbox 239 1506 1844 1607">
     <span class='ocr_line' id='line_1_12' title="bbox 239 1506 1844 1607; baseline 0.02 -46"><span class='ocrx_word' id='word_1_69' title='bbox 239 1506 506 1581; x_wconf 89' lang='lat' dir='ltr'><strong>druplum</strong></span> <span class='ocrx_word' id='word_1_70' title='bbox 535 1512 806 1571; x_wconf 82' lang='lat' dir='ltr'><strong>restituat.</strong></span> <span class='ocrx_word' id='word_1_71' title='bbox 839 1515 997 1584; x_wconf 87' lang='lat' dir='ltr'><strong>Quod</strong></span> <span class='ocrx_word' id='word_1_72' title='bbox 1025 1519 1071 1576; x_wconf 91' lang='lat' dir='ltr'><strong>si</strong></span> <span class='ocrx_word' id='word_1_73' title='bbox 1099 1532 1244 1581; x_wconf 90' lang='lat' dir='ltr'><strong>certe</strong></span> <span class='ocrx_word' id='word_1_74' title='bbox 1272 1526 1418 1598; x_wconf 89' lang='lat' dir='ltr'><strong>apud</strong></span> <span class='ocrx_word' id='word_1_75' title='bbox 1455 1506 1674 1588; x_wconf 81' lang='lat' dir='ltr'><strong>servum</strong></span> <span class='ocrx_word' id='word_1_76' title='bbox 1703 1506 1844 1607; x_wconf 73' lang='lat' dir='ltr'><strong>rapi-</strong></span> 
     </span>
    </p>
   </div>
   <div class='ocr_carea' id='block_1_13' title="bbox 237 1603 1845 1696">
    <p class='ocr_par' dir='ltr' id='par_1_13' title="bbox 237 1603 1845 1696">
     <span class='ocr_line' id='line_1_13' title="bbox 237 1603 1845 1696; baseline 0.019 -45"><span class='ocrx_word' id='word_1_77' title='bbox 237 1613 325 1654; x_wconf 81' lang='lat' dir='ltr'><strong>na</strong></span> <span class='ocrx_word' id='word_1_78' title='bbox 372 1613 499 1670; x_wconf 88' lang='lat' dir='ltr'><strong>pars</strong></span> <span class='ocrx_word' id='word_1_79' title='bbox 540 1603 865 1675; x_wconf 84' lang='lat' dir='ltr'><strong>reperiatur,</strong></span> <span class='ocrx_word' id='word_1_80' title='bbox 917 1616 1139 1667; x_wconf 88' lang='lat' dir='ltr'><strong>centum</strong></span> <span class='ocrx_word' id='word_1_81' title='bbox 1189 1615 1587 1691; x_wconf 82' lang='lat' dir='ltr'><strong>quinquaginta</strong></span> <span class='ocrx_word' id='word_1_82' title='bbox 1631 1603 1845 1696; x_wconf 77' lang='lat' dir='ltr'><strong>ﬂagella</strong></span> 
     </span>
    </p>
   </div>
   <div class='ocr_carea' id='block_1_14' title="bbox 236 1686 1843 1771">
    <p class='ocr_par' dir='ltr' id='par_1_14' title="bbox 236 1686 1843 1771">
     <span class='ocr_line' id='line_1_14' title="bbox 236 1686 1843 1771; baseline 0.021 -31"><span class='ocrx_word' id='word_1_83' title='bbox 236 1686 463 1758; x_wconf 89' lang='lat' dir='ltr'><strong>publice</strong></span> <span class='ocrx_word' id='word_1_84' title='bbox 490 1696 750 1750; x_wconf 83' lang='lat' dir='ltr'><strong>extensus</strong></span> <span class='ocrx_word' id='word_1_85' title='bbox 789 1696 1047 1770; x_wconf 87' lang='lat' dir='ltr'><strong>accipiat,</strong></span> <span class='ocrx_word' id='word_1_86' title='bbox 1094 1709 1149 1759; x_wconf 91' lang='lat' dir='ltr'><strong>et</strong></span> <span class='ocrx_word' id='word_1_87' title='bbox 1193 1686 1374 1763; x_wconf 75' lang='lat' dir='ltr'><strong>socios</strong></span> <span class='ocrx_word' id='word_1_88' title='bbox 1400 1686 1529 1767; x_wconf 79' lang='lat' dir='ltr'><strong>suos</strong></span> <span class='ocrx_word' id='word_1_89' title='bbox 1555 1713 1843 1771; x_wconf 86' lang='lat' dir='ltr'><strong>nominare</strong></span> 
     </span>
    </p>
   </div>
   <div class='ocr_carea' id='block_1_15' title="bbox 232 1776 614 1836">
    <p class='ocr_par' dir='ltr' id='par_1_15' title="bbox 232 1776 614 1836">
     <span class='ocr_line' id='line_1_15' title="bbox 232 1776 614 1836; baseline 0.013 -5"><span class='ocrx_word' id='word_1_90' title='bbox 232 1791 350 1832; x_wconf 89' lang='lat' dir='ltr'><strong>non</strong></span> <span class='ocrx_word' id='word_1_91' title='bbox 378 1776 614 1836; x_wconf 72' lang='lat' dir='ltr'><strong>differat.</strong></span> 
     </span>
    </p>
   </div>
   <div class='ocr_carea' id='block_1_16' title="bbox 438 1902 1645 1996">
    <p class='ocr_par' dir='ltr' id='par_1_16' title="bbox 438 1902 1645 1996">
     <span class='ocr_line' id='line_1_16' title="bbox 438 1902 1645 1996; baseline 0.017 -35"><span class='ocrx_word' id='word_1_92' title='bbox 438 1902 572 1962; x_wconf 67' lang='lat' dir='ltr'><strong>CAP.</strong></span> <span class='ocrx_word' id='word_1_93' title='bbox 600 1904 696 1966; x_wconf 85' lang='lat' dir='ltr'><strong>IV.</strong></span> <span class='ocrx_word' id='word_1_94' title='bbox 738 1909 817 1966; x_wconf 88' lang='lat' dir='ltr'><strong>De</strong></span> <span class='ocrx_word' id='word_1_95' title='bbox 844 1909 926 1965; x_wconf 96' lang='lat' dir='ltr'><strong>his</strong></span> <span class='ocrx_word' id='word_1_96' title='bbox 953 1913 1049 1996; x_wconf 75' lang='lat' dir='ltr'><strong>qui</strong></span> <span class='ocrx_word' id='word_1_97' title='bbox 1071 1912 1377 1996; x_wconf 72' lang='lat' dir='ltr'><strong>diripienda</strong></span> <span class='ocrx_word' id='word_1_98' title='bbox 1404 1921 1645 1981; x_wconf 84' lang='lat' dir='ltr'><strong>indicare</strong></span> 
     </span>
    </p>
   </div>
   <div class='ocr_carea' id='block_1_17' title="bbox 854 1993 1210 2054">
    <p class='ocr_par' dir='ltr' id='par_1_17' title="bbox 854 1993 1210 2054">
     <span class='ocr_line' id='line_1_17' title="bbox 854 1993 1210 2054; baseline 0.025 -17"><span class='ocrx_word' id='word_1_99' title='bbox 854 1993 1210 2054; x_wconf 84' lang='lat' dir='ltr'><strong>reperiuntur.</strong></span> 
     </span>
    </p>
   </div>
   <div class='ocr_carea' id='block_1_18' title="bbox 718 2072 1354 2155">
    <p class='ocr_par' dir='ltr' id='par_1_18' title="bbox 718 2072 1354 2155">
     <span class='ocr_line' id='line_1_18' title="bbox 718 2072 1354 2155; baseline 0.022 -25"><span class='ocrx_word' id='word_1_100' title='bbox 718 2072 806 2131; x_wconf 87' lang='lat' dir='ltr'><strong>Ex</strong></span> <span class='ocrx_word' id='word_1_101' title='bbox 834 2078 1045 2149; x_wconf 92' lang='lat' dir='ltr'><strong>eodem,</strong></span> <span class='ocrx_word' id='word_1_102' title='bbox 1078 2099 1198 2155; x_wconf 85' lang='lat' dir='ltr'><strong>cap.</strong></span> <span class='ocrx_word' id='word_1_103' title='bbox 1231 2085 1354 2144; x_wconf 89' lang='lat'><strong>356.</strong></span> 
     </span>
    </p>
   </div>
   <div class='ocr_carea' id='block_1_19' title="bbox 307 2179 1835 2274">
    <p class='ocr_par' dir='ltr' id='par_1_19' title="bbox 307 2179 1835 2274">
     <span class='ocr_line' id='line_1_19' title="bbox 307 2179 1835 2274; baseline 0.016 -39"><span class='ocrx_word' id='word_1_104' title='bbox 307 2179 908 2259; x_wconf 76' lang='lat' dir='ltr'><strong>(vr,i36.)Quicunque</strong></span> <span class='ocrx_word' id='word_1_105' title='bbox 927 2188 1201 2260; x_wconf 88' lang='lat' dir='ltr'><strong>ingenuus</strong></span> <span class='ocrx_word' id='word_1_106' title='bbox 1215 2194 1302 2250; x_wconf 87' lang='lat' dir='ltr'><strong>vel</strong></span> <span class='ocrx_word' id='word_1_107' title='bbox 1324 2212 1514 2255; x_wconf 88' lang='lat' dir='ltr'><strong>servus</strong></span> <span class='ocrx_word' id='word_1_108' title='bbox 1529 2201 1740 2274; x_wconf 87' lang='lat' dir='ltr'><strong>aliquid</strong></span> <span class='ocrx_word' id='word_1_109' title='bbox 1754 2203 1835 2259; x_wconf 91' lang='lat' dir='ltr'><strong>di-</strong></span> 
     </span>
    </p>
   </div>
   <div class='ocr_carea' id='block_1_20' title="bbox 229 2267 1833 2361">
    <p class='ocr_par' dir='ltr' id='par_1_20' title="bbox 229 2267 1833 2361">
     <span class='ocr_line' id='line_1_20' title="bbox 229 2267 1833 2361; baseline 0.017 -39"><span class='ocrx_word' id='word_1_110' title='bbox 229 2267 550 2340; x_wconf 89' lang='lat' dir='ltr'><strong>ripiendum</strong></span> <span class='ocrx_word' id='word_1_111' title='bbox 577 2271 927 2344; x_wconf 89' lang='lat' dir='ltr'><strong>indicaverit,</strong></span> <span class='ocrx_word' id='word_1_112' title='bbox 951 2285 1013 2333; x_wconf 91' lang='lat' dir='ltr'><strong>ut</strong></span> <span class='ocrx_word' id='word_1_113' title='bbox 1039 2279 1418 2357; x_wconf 89' lang='lat' dir='ltr'><strong>cujuscunque</strong></span> <span class='ocrx_word' id='word_1_114' title='bbox 1434 2304 1519 2343; x_wconf 91' lang='lat' dir='ltr'><strong>res</strong></span> <span class='ocrx_word' id='word_1_115' title='bbox 1534 2299 1833 2361; x_wconf 85' lang='lat' dir='ltr'><strong>evertatur,</strong></span> 
     </span>
    </p>
   </div>
   <div class='ocr_carea' id='block_1_21' title="bbox 230 2364 1830 2457">
    <p class='ocr_par' dir='ltr' id='par_1_21' title="bbox 230 2364 1830 2457">
     <span class='ocr_line' id='line_1_21' title="bbox 230 2364 1830 2457; baseline 0.018 -42"><span class='ocrx_word' id='word_1_116' title='bbox 230 2368 329 2416; x_wconf 89' lang='lat' dir='ltr'><strong>aut</strong></span> <span class='ocrx_word' id='word_1_117' title='bbox 352 2378 567 2434; x_wconf 89' lang='lat' dir='ltr'><strong>pecora,</strong></span> <span class='ocrx_word' id='word_1_118' title='bbox 591 2374 685 2421; x_wconf 89' lang='lat' dir='ltr'><strong>aut</strong></span> <span class='ocrx_word' id='word_1_119' title='bbox 694 2364 945 2437; x_wconf 88' lang='lat' dir='ltr'><strong>jumenta</strong></span> <span class='ocrx_word' id='word_1_120' title='bbox 961 2369 1315 2444; x_wconf 89' lang='lat' dir='ltr'><strong>diripiantur,</strong></span> <span class='ocrx_word' id='word_1_121' title='bbox 1338 2386 1392 2434; x_wconf 90' lang='lat' dir='ltr'><strong>et</strong></span> <span class='ocrx_word' id='word_1_122' title='bbox 1413 2378 1516 2437; x_wconf 92' lang='lat' dir='ltr'><strong>hoc</strong></span> <span class='ocrx_word' id='word_1_123' title='bbox 1535 2384 1700 2440; x_wconf 87' lang='lat' dir='ltr'><strong>certis</strong></span> <span class='ocrx_word' id='word_1_124' title='bbox 1712 2402 1830 2457; x_wconf 91' lang='lat' dir='ltr'><strong>pro-</strong></span> 
     </span>
    </p>
   </div>
   <div class='ocr_carea' id='block_1_22' title="bbox 227 2448 1831 2546">
    <p class='ocr_par' dir='ltr' id='par_1_22' title="bbox 227 2448 1831 2546">
     <span class='ocr_line' id='line_1_22' title="bbox 227 2448 1831 2546; baseline 0.017 -42"><span class='ocrx_word' id='word_1_125' title='bbox 227 2448 556 2509; x_wconf 90' lang='lat' dir='ltr'><strong>bationibus</strong></span> <span class='ocrx_word' id='word_1_126' title='bbox 576 2455 794 2526; x_wconf 89' lang='lat' dir='ltr'><strong>publice</strong></span> <span class='ocrx_word' id='word_1_127' title='bbox 816 2458 1103 2517; x_wconf 88' lang='lat' dir='ltr'><strong>convictus</strong></span> <span class='ocrx_word' id='word_1_128' title='bbox 1126 2462 1461 2538; x_wconf 86' lang='lat' dir='ltr'><strong>inveniatur,</strong></span> <span class='ocrx_word' id='word_1_129' title='bbox 1483 2486 1582 2542; x_wconf 93' lang='lat' dir='ltr'><strong>pro</strong></span> <span class='ocrx_word' id='word_1_130' title='bbox 1601 2488 1667 2528; x_wconf 93' lang='lat' dir='ltr'><strong>eo</strong></span> <span class='ocrx_word' id='word_1_131' title='bbox 1686 2474 1831 2546; x_wconf 89' lang='lat' dir='ltr'><strong>quod</strong></span> 
     </span>
    </p>
   </div>
   <div class='ocr_carea' id='block_1_23' title="bbox 228 2539 1831 2625">
    <p class='ocr_par' dir='ltr' id='par_1_23' title="bbox 228 2539 1831 2625">
     <span class='ocr_line' id='line_1_23' title="bbox 228 2539 1831 2625; baseline 0.017 -32"><span class='ocrx_word' id='word_1_132' title='bbox 228 2539 527 2610; x_wconf 88' lang='lat' dir='ltr'><strong>indicavit,</strong></span> <span class='ocrx_word' id='word_1_133' title='bbox 559 2543 607 2598; x_wconf 90' lang='lat' dir='ltr'><strong>si</strong></span> <span class='ocrx_word' id='word_1_134' title='bbox 648 2544 920 2615; x_wconf 84' lang='lat' dir='ltr'><strong>ingenuus</strong></span> <span class='ocrx_word' id='word_1_135' title='bbox 950 2556 1052 2618; x_wconf 91' lang='lat' dir='ltr'><strong>est,</strong></span> <span class='ocrx_word' id='word_1_136' title='bbox 1084 2566 1146 2606; x_wconf 90' lang='lat' dir='ltr'><strong>ea</strong></span> <span class='ocrx_word' id='word_1_137' title='bbox 1175 2568 1294 2625; x_wconf 83' lang='lat' dir='ltr'><strong>qua</strong></span> <span class='ocrx_word' id='word_1_138' title='bbox 1322 2539 1501 2613; x_wconf 80' lang='lat' dir='ltr'><strong>ablata</strong></span> <span class='ocrx_word' id='word_1_139' title='bbox 1529 2561 1615 2616; x_wconf 89' lang='lat' dir='ltr'><strong>vel</strong></span> <span class='ocrx_word' id='word_1_140' title='bbox 1644 2578 1831 2620; x_wconf 89' lang='lat' dir='ltr'><strong>eversa</strong></span> 
     </span>
    </p>
   </div>
   <div class='ocr_carea' id='block_1_24' title="bbox 228 2629 1827 2722">
    <p class='ocr_par' dir='ltr' id='par_1_24' title="bbox 228 2629 1827 2722">
     <span class='ocr_line' id='line_1_24' title="bbox 228 2629 1827 2722; baseline 0.016 -39"><span class='ocrx_word' id='word_1_141' title='bbox 228 2638 366 2685; x_wconf 87' lang='lat' dir='ltr'><strong>sunt</strong></span> <span class='ocrx_word' id='word_1_142' title='bbox 396 2629 454 2685; x_wconf 90' lang='lat' dir='ltr'><strong>in</strong></span> <span class='ocrx_word' id='word_1_143' title='bbox 484 2630 654 2704; x_wconf 93' lang='lat' dir='ltr'><strong>duplo</strong></span> <span class='ocrx_word' id='word_1_144' title='bbox 685 2633 963 2706; x_wconf 86' lang='lat' dir='ltr'><strong>restituat,</strong></span> <span class='ocrx_word' id='word_1_145' title='bbox 1003 2645 1056 2694; x_wconf 92' lang='lat' dir='ltr'><strong>et</strong></span> <span class='ocrx_word' id='word_1_146' title='bbox 1088 2639 1248 2697; x_wconf 90' lang='lat' dir='ltr'><strong>nobis</strong></span> <span class='ocrx_word' id='word_1_147' title='bbox 1282 2643 1524 2703; x_wconf 88' lang='lat' dir='ltr'><strong>bannum</strong></span> <span class='ocrx_word' id='word_1_148' title='bbox 1555 2658 1827 2722; x_wconf 90' lang='lat' dir='ltr'><strong>nostrum,</strong></span> 
     </span>
    </p>
   </div>
   <div class='ocr_carea' id='block_1_25' title="bbox 228 2718 1826 2800">
    <p class='ocr_par' dir='ltr' id='par_1_25' title="bbox 228 2718 1826 2800">
     <span class='ocr_line' id='line_1_25' title="bbox 228 2718 1826 2800; baseline 0.016 -27"><span class='ocrx_word' id='word_1_149' title='bbox 228 2718 289 2775; x_wconf 88' lang='lat' dir='ltr'><strong>id</strong></span> <span class='ocrx_word' id='word_1_150' title='bbox 319 2725 404 2775; x_wconf 90' lang='lat' dir='ltr'><strong>est</strong></span> <span class='ocrx_word' id='word_1_151' title='bbox 428 2737 503 2775; x_wconf 77' lang='lat' dir='ltr'><strong>1.x</strong></span> <span class='ocrx_word' id='word_1_152' title='bbox 533 2722 738 2780; x_wconf 90' lang='lat' dir='ltr'><strong>solidos</strong></span> <span class='ocrx_word' id='word_1_153' title='bbox 767 2735 1079 2798; x_wconf 89' lang='lat' dir='ltr'><strong>componat.</strong></span> <span class='ocrx_word' id='word_1_154' title='bbox 1113 2729 1170 2785; x_wconf 90' lang='lat' dir='ltr'><strong>Si</strong></span> <span class='ocrx_word' id='word_1_155' title='bbox 1192 2749 1323 2790; x_wconf 87' lang='lat' dir='ltr'><strong>vero</strong></span> <span class='ocrx_word' id='word_1_156' title='bbox 1352 2753 1543 2795; x_wconf 91' lang='lat' dir='ltr'><strong>servus</strong></span> <span class='ocrx_word' id='word_1_157' title='bbox 1567 2741 1655 2796; x_wconf 88' lang='lat' dir='ltr'><strong>vel</strong></span> <span class='ocrx_word' id='word_1_158' title='bbox 1683 2743 1826 2800; x_wconf 91' lang='lat' dir='ltr'><strong>colo-</strong></span> 
     </span>
    </p>
   </div>
   <div class='ocr_carea' id='block_1_26' title="bbox 223 2810 1829 2897">
    <p class='ocr_par' dir='ltr' id='par_1_26' title="bbox 223 2810 1829 2897">
     <span class='ocr_line' id='line_1_26' title="bbox 223 2810 1829 2897; baseline 0.016 -32"><span class='ocrx_word' id='word_1_159' title='bbox 223 2825 337 2865; x_wconf 85' lang='lat' dir='ltr'><strong>nus</strong></span> <span class='ocrx_word' id='word_1_160' title='bbox 369 2810 557 2880; x_wconf 89' lang='lat' dir='ltr'><strong>fuerit,</strong></span> <span class='ocrx_word' id='word_1_161' title='bbox 590 2829 654 2869; x_wconf 82' lang='lat' dir='ltr'><strong>cr.</strong></span> <span class='ocrx_word' id='word_1_162' title='bbox 708 2814 940 2888; x_wconf 87' lang='lat' dir='ltr'><strong>ﬂagella,</strong></span> <span class='ocrx_word' id='word_1_163' title='bbox 990 2827 1054 2876; x_wconf 84' lang='lat' dir='ltr'><strong>ut</strong></span> <span class='ocrx_word' id='word_1_164' title='bbox 1097 2839 1281 2895; x_wconf 88' lang='lat' dir='ltr'><strong>supra,</strong></span> <span class='ocrx_word' id='word_1_165' title='bbox 1320 2826 1540 2897; x_wconf 90' lang='lat' dir='ltr'><strong>publice</strong></span> <span class='ocrx_word' id='word_1_166' title='bbox 1569 2838 1829 2891; x_wconf 85' lang='lat' dir='ltr'><strong>extensus</strong></span> 
     </span>
    </p>
   </div>
   <div class='ocr_carea' id='block_1_27' title="bbox 220 2897 1829 2989">
    <p class='ocr_par' dir='ltr' id='par_1_27' title="bbox 220 2897 1829 2989">
     <span class='ocr_line' id='line_1_27' title="bbox 220 2897 1829 2989; baseline 0.016 -35"><span class='ocrx_word' id='word_1_167' title='bbox 220 2897 369 2956; x_wconf 87' lang='lat' dir='ltr'><strong>bene</strong></span> <span class='ocrx_word' id='word_1_168' title='bbox 397 2917 580 2973; x_wconf 89' lang='lat' dir='ltr'><strong>pressa</strong></span> <span class='ocrx_word' id='word_1_169' title='bbox 607 2904 860 2976; x_wconf 88' lang='lat' dir='ltr'><strong>accipiat,</strong></span> <span class='ocrx_word' id='word_1_170' title='bbox 907 2915 961 2963; x_wconf 90' lang='lat' dir='ltr'><strong>et</strong></span> <span class='ocrx_word' id='word_1_171' title='bbox 1006 2908 1229 2984; x_wconf 88' lang='lat' dir='ltr'><strong>insuper</strong></span> <span class='ocrx_word' id='word_1_172' title='bbox 1256 2930 1318 2971; x_wconf 88' lang='lat' dir='ltr'><strong>ea</strong></span> <span class='ocrx_word' id='word_1_173' title='bbox 1343 2932 1463 2989; x_wconf 83' lang='lat' dir='ltr'><strong>qua</strong></span> <span class='ocrx_word' id='word_1_174' title='bbox 1492 2917 1670 2976; x_wconf 88' lang='lat' dir='ltr'><strong>ablata</strong></span> <span class='ocrx_word' id='word_1_175' title='bbox 1699 2931 1829 2979; x_wconf 84' lang='lat' dir='ltr'><strong>sunt</strong></span> 
     </span>
    </p>
   </div>
   <div class='ocr_carea' id='block_1_28' title="bbox 221 2986 1234 3065">
    <p class='ocr_par' dir='ltr' id='par_1_28' title="bbox 221 2986 1234 3065">
     <span class='ocr_line' id='line_1_28' title="bbox 221 2986 1234 3065; baseline 0.015 -24"><span class='ocrx_word' id='word_1_176' title='bbox 221 2986 530 3044; x_wconf 87' lang='lat' dir='ltr'><strong>secundum</strong></span> <span class='ocrx_word' id='word_1_177' title='bbox 569 3006 723 3047; x_wconf 86' lang='lat' dir='ltr'><strong>suam</strong></span> <span class='ocrx_word' id='word_1_178' title='bbox 754 2992 928 3065; x_wconf 85' lang='lat' dir='ltr'><strong>legem</strong></span> <span class='ocrx_word' id='word_1_179' title='bbox 960 2997 1234 3055; x_wconf 89' lang='lat' dir='ltr'><strong>restituat.</strong></span> 
     </span>
    </p>
   </div>
   <div class='ocr_carea' id='block_1_29' title="bbox 369 3115 1686 3255">
    <p class='ocr_par' dir='ltr' id='par_1_29' title="bbox 369 3115 1686 3255">
     <span class='ocr_line' id='line_1_29' title="bbox 369 3115 1686 3255; baseline 0.014 -80"><span class='ocrx_word' id='word_1_180' title='bbox 369 3115 500 3176; x_wconf 76' lang='lat' dir='ltr'><strong>CAP.</strong></span> <span class='ocrx_word' id='word_1_181' title='bbox 536 3120 603 3179; x_wconf 84' lang='lat' dir='ltr'><strong>V.</strong></span> <span class='ocrx_word' id='word_1_182' title='bbox 632 3122 712 3179; x_wconf 90' lang='lat' dir='ltr'><strong>De</strong></span> <span class='ocrx_word' id='word_1_183' title='bbox 739 3141 796 3179; x_wconf 91' lang='lat' dir='ltr'><strong>eo</strong></span> <span class='ocrx_word' id='word_1_184' title='bbox 819 3124 1244 3255; x_wconf 83' lang='lat' dir='ltr'><strong>qui</strong></span> <span class='ocrx_word' id='word_1_185' title='bbox 1279 3131 1686 3204; x_wconf 69' lang='lat' dir='ltr'><strong>depraedationis</strong></span> 
     </span>
     <span class='ocr_line' id='line_1_30' title="bbox 1075 3217 1136 3255; baseline 0.016 -1"><span class='ocrx_word' id='word_1_186' title='bbox 1075 3217 1095 3254; x_wconf 76' lang='grc' dir='ltr'><strong><em>ι</em></strong></span> <span class='ocrx_word' id='word_1_187' title='bbox 1123 3244 1136 3255; x_wconf 94' lang='grc'><strong>.</strong></span> 
     </span>
    </p>
   </div>
   <div class='ocr_carea' id='block_1_30' title="bbox 1075 3217 1136 3257">
    <p class='ocr_par' dir='ltr' id='par_1_30' title="bbox 1075 3217 1136 3257">
     <span class='ocr_line' id='line_1_31' title="bbox 1075 3217 1136 3257; baseline 0.049 -3"><span class='ocrx_word' id='word_1_188' title='bbox 1075 3217 1136 3257; x_wconf 76' lang='grc' dir='ltr'><strong>ιε.</strong></span> 
     </span>
    </p>
   </div>
   <div class='ocr_carea' id='block_1_31' title="bbox 620 3291 1433 3371">
    <p class='ocr_par' dir='ltr' id='par_1_31' title="bbox 620 3291 1433 3371">
     <span class='ocr_line' id='line_1_32' title="bbox 620 3291 1433 3371; baseline 0.015 -25"><span class='ocrx_word' id='word_1_189' title='bbox 620 3291 708 3347; x_wconf 86' lang='lat' dir='ltr'><strong>Ex</strong></span> <span class='ocrx_word' id='word_1_190' title='bbox 736 3292 927 3350; x_wconf 91' lang='lat' dir='ltr'><strong>eodem</strong></span> <span class='ocrx_word' id='word_1_191' title='bbox 958 3293 1122 3366; x_wconf 91' lang='lat' dir='ltr'><strong>libro,</strong></span> <span class='ocrx_word' id='word_1_192' title='bbox 1153 3313 1273 3371; x_wconf 88' lang='lat' dir='ltr'><strong>cap.</strong></span> <span class='ocrx_word' id='word_1_193' title='bbox 1307 3299 1433 3358; x_wconf 89' lang='lat'><strong>375.</strong></span> 
     </span>
    </p>
   </div>
   <div class='ocr_carea' id='block_1_32' title="bbox 298 3393 1822 3473">
    <p class='ocr_par' dir='ltr' id='par_1_32' title="bbox 298 3393 1822 3473">
     <span class='ocr_line' id='line_1_33' title="bbox 298 3393 1822 3473; baseline 0.016 -25"><span class='ocrx_word' id='word_1_194' title='bbox 298 3393 404 3465; x_wconf 78' lang='lat' dir='ltr'><strong>(vr,</strong></span> <span class='ocrx_word' id='word_1_195' title='bbox 449 3394 601 3469; x_wconf 85' lang='lat'><strong>288.)</strong></span> <span class='ocrx_word' id='word_1_196' title='bbox 651 3398 708 3455; x_wconf 90' lang='lat' dir='ltr'><strong>Si</strong></span> <span class='ocrx_word' id='word_1_197' title='bbox 756 3401 880 3473; x_wconf 88' lang='lat' dir='ltr'><strong>quis</strong></span> <span class='ocrx_word' id='word_1_198' title='bbox 918 3405 1181 3473; x_wconf 76' lang='lat' dir='ltr'><strong>scelerata</strong></span> <span class='ocrx_word' id='word_1_199' title='bbox 1227 3406 1468 3465; x_wconf 86' lang='lat' dir='ltr'><strong>factione</strong></span> <span class='ocrx_word' id='word_1_200' title='bbox 1505 3410 1822 3473; x_wconf 87' lang='lat' dir='ltr'><strong>facultatem</strong></span> 
     </span>
    </p>
   </div>
   <div class='ocr_carea' id='block_1_33' title="bbox 214 3481 1819 3573">
    <p class='ocr_par' dir='ltr' id='par_1_33' title="bbox 214 3481 1819 3573">
     <span class='ocr_line' id='line_1_34' title="bbox 214 3481 1819 3573; baseline 0.014 -35"><span class='ocrx_word' id='word_1_201' title='bbox 214 3481 649 3555; x_wconf 87' lang='lat' dir='ltr'><strong>depradationis</strong></span> <span class='ocrx_word' id='word_1_202' title='bbox 679 3487 913 3557; x_wconf 89' lang='lat' dir='ltr'><strong>dederit,</strong></span> <span class='ocrx_word' id='word_1_203' title='bbox 954 3491 1041 3544; x_wconf 89' lang='lat' dir='ltr'><strong>vel</strong></span> <span class='ocrx_word' id='word_1_204' title='bbox 1089 3492 1136 3546; x_wconf 89' lang='lat' dir='ltr'><strong>si</strong></span> <span class='ocrx_word' id='word_1_205' title='bbox 1166 3494 1291 3564; x_wconf 91' lang='lat' dir='ltr'><strong>quis</strong></span> <span class='ocrx_word' id='word_1_206' title='bbox 1319 3495 1517 3553; x_wconf 86' lang='lat' dir='ltr'><strong>factam</strong></span> <span class='ocrx_word' id='word_1_207' title='bbox 1547 3499 1819 3573; x_wconf 90' lang='lat' dir='ltr'><strong>diviserit,</strong></span> 
     </span>
    </p>
   </div>
   <div class='ocr_carea' id='block_1_34' title="bbox 210 3571 792 3630">
    <p class='ocr_par' dir='ltr' id='par_1_34' title="bbox 210 3571 792 3630">
     <span class='ocr_line' id='line_1_35' title="bbox 210 3571 792 3630; baseline 0.003 -4"><span class='ocrx_word' id='word_1_208' title='bbox 210 3571 578 3630; x_wconf 83' lang='lat' dir='ltr'><strong>comburatur</strong></span> <span class='ocrx_word' id='word_1_209' title='bbox 606 3575 792 3629; x_wconf 87' lang='lat' dir='ltr'><strong>vivus.</strong></span> 
     </span>
    </p>
   </div>
   <div class='ocr_carea' id='block_1_35' title="bbox 209 3695 1822 3784">
    <p class='ocr_par' dir='ltr' id='par_1_35' title="bbox 209 3695 1822 3784">
     <span class='ocr_line' id='line_1_36' title="bbox 209 3695 1822 3784; baseline 0.015 -35"><span class='ocrx_word' id='word_1_210' title='bbox 209 3695 353 3784; x_wconf 39' lang='grc' dir='ltr'><strong>(λς’.</strong></span> <span class='ocrx_word' id='word_1_211' title='bbox 507 3696 570 3784; x_wconf 59' lang='lat' dir='ltr'><strong>Ut</strong></span> <span class='ocrx_word' id='word_1_212' title='bbox 598 3696 654 3778; x_wconf 74' lang='lat' dir='ltr'><strong>hi</strong></span> <span class='ocrx_word' id='word_1_213' title='bbox 682 3696 776 3766; x_wconf 84' lang='lat' dir='ltr'><strong>qui</strong></span> <span class='ocrx_word' id='word_1_214' title='bbox 802 3714 892 3784; x_wconf 71' lang='lat' dir='ltr'><strong>res</strong></span> <span class='ocrx_word' id='word_1_215' title='bbox 912 3700 1160 3782; x_wconf 68' lang='lat' dir='ltr'><strong>Ecclesia:</strong></span> <span class='ocrx_word' id='word_1_216' title='bbox 1178 3703 1459 3779; x_wconf 83' lang='lat' dir='ltr'><strong>invadunt,</strong></span> <span class='ocrx_word' id='word_1_217' title='bbox 1490 3719 1719 3784; x_wconf 78' lang='lat' dir='ltr'><strong>vastant,</strong></span> <span class='ocrx_word' id='word_1_218' title='bbox 1741 3718 1822 3773; x_wconf 80' lang='lat' dir='ltr'><strong>vel</strong></span> 
     </span>
    </p>
   </div>
   <div class='ocr_carea' id='block_1_36' title="bbox 283 3767 1817 3857">
    <p class='ocr_par' dir='ltr' id='par_1_36' title="bbox 283 3767 1817 3857">
     <span class='ocr_line' id='line_1_37' title="bbox 283 3767 1817 3857; baseline 0.014 -34"><span class='ocrx_word' id='word_1_219' title='bbox 283 3767 575 3847; x_wconf 74' lang='lat' dir='ltr'><strong>diripiunt,</strong></span> <span class='ocrx_word' id='word_1_220' title='bbox 607 3767 654 3822; x_wconf 84' lang='lat' dir='ltr'><strong>si</strong></span> <span class='ocrx_word' id='word_1_221' title='bbox 686 3776 919 3850; x_wconf 70' lang='lat' dir='ltr'><strong>monente</strong></span> <span class='ocrx_word' id='word_1_222' title='bbox 944 3771 1181 3846; x_wconf 86' lang='lat' dir='ltr'><strong>episcopo</strong></span> <span class='ocrx_word' id='word_1_223' title='bbox 1222 3794 1329 3834; x_wconf 84' lang='lat' dir='ltr'><strong>non</strong></span> <span class='ocrx_word' id='word_1_224' title='bbox 1374 3797 1427 3837; x_wconf 88' lang='lat' dir='ltr'><strong>se</strong></span> <span class='ocrx_word' id='word_1_225' title='bbox 1445 3767 1817 3857; x_wconf 62' lang='grc' dir='ltr'><strong>ὀοῆέῷάὶηῇ</strong></span> 
     </span>
    </p>
   </div>
   <div class='ocr_carea' id='block_1_37' title="bbox 282 3849 973 3911">
    <p class='ocr_par' dir='ltr' id='par_1_37' title="bbox 282 3849 973 3911">
     <span class='ocr_line' id='line_1_38' title="bbox 282 3849 973 3911; baseline 0.01 -18"><span class='ocrx_word' id='word_1_226' title='bbox 282 3854 653 3894; x_wconf 84' lang='lat' dir='ltr'><strong>commumone</strong></span> <span class='ocrx_word' id='word_1_227' title='bbox 672 3849 973 3911; x_wconf 75' lang='lat' dir='ltr'><strong>priventur.</strong></span> 
     </span>
    </p>
   </div>
   <div class='ocr_carea' id='block_1_38' title="bbox 663 3916 1415 4017">
    <p class='ocr_par' dir='ltr' id='par_1_38' title="bbox 663 3916 1415 4017">
     <span class='ocr_line' id='line_1_39' title="bbox 663 3916 1415 4017; baseline 0.017 -25"><span class='ocrx_word' id='word_1_228' title='bbox 663 3937 752 3993; x_wconf 88' lang='lat' dir='ltr'><strong>Ex</strong></span> <span class='ocrx_word' id='word_1_229' title='bbox 791 3939 934 3996; x_wconf 93' lang='lat' dir='ltr'><strong>libro</strong></span> <span class='ocrx_word' id='word_1_230' title='bbox 963 3958 1064 4012; x_wconf 84' lang='lat' dir='ltr'><strong>vn,</strong></span> <span class='ocrx_word' id='word_1_231' title='bbox 1090 3960 1210 4017; x_wconf 89' lang='lat' dir='ltr'><strong>cap.</strong></span> <span class='ocrx_word' id='word_1_232' title='bbox 1252 3947 1375 4004; x_wconf 88' lang='lat'><strong>267.</strong></span> <span class='ocrx_word' id='word_1_233' title='bbox 1404 3916 1415 3925; x_wconf 73' lang='grc'><strong>’</strong></span> 
     </span>
    </p>
   </div>
   <div class='ocr_carea' id='block_1_39' title="bbox 287 4043 1817 4127">
    <p class='ocr_par' dir='ltr' id='par_1_39' title="bbox 287 4043 1817 4127">
     <span class='ocr_line' id='line_1_40' title="bbox 287 4043 1817 4127; baseline 0.016 -27"><span class='ocrx_word' id='word_1_234' title='bbox 287 4045 394 4117; x_wconf 81' lang='lat' dir='ltr'><strong>(vr,</strong></span> <span class='ocrx_word' id='word_1_235' title='bbox 420 4043 568 4119; x_wconf 88' lang='grc'><strong>132.)</strong></span> <span class='ocrx_word' id='word_1_236' title='bbox 592 4046 649 4103; x_wconf 89' lang='lat' dir='ltr'><strong>Si</strong></span> <span class='ocrx_word' id='word_1_237' title='bbox 679 4048 802 4121; x_wconf 91' lang='lat' dir='ltr'><strong>quis</strong></span> <span class='ocrx_word' id='word_1_238' title='bbox 821 4048 1198 4127; x_wconf 79' lang='lat' dir='ltr'><strong>cujuscunque</strong></span> <span class='ocrx_word' id='word_1_239' title='bbox 1220 4061 1547 4117; x_wconf 87' lang='lat' dir='ltr'><strong>munuscula</strong></span> <span class='ocrx_word' id='word_1_240' title='bbox 1573 4065 1817 4123; x_wconf 86' lang='lat' dir='ltr'><strong>ecclesia</strong></span> 
     </span>
    </p>
   </div>
   <div class='ocr_carea' id='block_1_40' title="bbox 210 4136 1815 4215">
    <p class='ocr_par' dir='ltr' id='par_1_40' title="bbox 210 4136 1815 4215">
     <span class='ocr_line' id='line_1_41' title="bbox 210 4136 1815 4215; baseline 0.014 -24"><span class='ocrx_word' id='word_1_241' title='bbox 210 4136 423 4191; x_wconf 86' lang='lat' dir='ltr'><strong>sanctis</strong></span> <span class='ocrx_word' id='word_1_242' title='bbox 452 4137 863 4211; x_wconf 89' lang='lat' dir='ltr'><strong>Scripturarum</strong></span> <span class='ocrx_word' id='word_1_243' title='bbox 900 4143 1085 4200; x_wconf 92' lang='lat' dir='ltr'><strong>titulis</strong></span> <span class='ocrx_word' id='word_1_244' title='bbox 1113 4146 1332 4215; x_wconf 88' lang='lat' dir='ltr'><strong>collata,</strong></span> <span class='ocrx_word' id='word_1_245' title='bbox 1363 4151 1570 4208; x_wconf 87' lang='lat' dir='ltr'><strong>nefaria</strong></span> <span class='ocrx_word' id='word_1_246' title='bbox 1604 4156 1815 4213; x_wconf 86' lang='lat' dir='ltr'><strong>callidi-</strong></span> 
     </span>
    </p>
   </div>
   <div class='ocr_carea' id='block_1_41' title="bbox 213 4226 1810 4316">
    <p class='ocr_par' dir='ltr' id='par_1_41' title="bbox 213 4226 1810 4316">
     <span class='ocr_line' id='line_1_42' title="bbox 213 4226 1810 4316; baseline 0.014 -37"><span class='ocrx_word' id='word_1_247' title='bbox 213 4230 325 4280; x_wconf 88' lang='lat' dir='ltr'><strong>tate</strong></span> <span class='ocrx_word' id='word_1_248' title='bbox 363 4226 671 4297; x_wconf 85' lang='lat' dir='ltr'><strong>abstulerit,</strong></span> <span class='ocrx_word' id='word_1_249' title='bbox 718 4228 1076 4304; x_wconf 84' lang='lat' dir='ltr'><strong>fraudaverit,</strong></span> <span class='ocrx_word' id='word_1_250' title='bbox 1118 4234 1404 4309; x_wconf 83' lang='lat' dir='ltr'><strong>invaserit,</strong></span> <span class='ocrx_word' id='word_1_251' title='bbox 1437 4246 1810 4316; x_wconf 89' lang='lat' dir='ltr'><strong>retentaverit,</strong></span> 
     </span>
    </p>
   </div>
   <div class='ocr_carea' id='block_1_42' title="bbox 213 4317 1813 4392">
    <p class='ocr_par' dir='ltr' id='par_1_42' title="bbox 213 4317 1813 4392">
     <span class='ocr_line' id='line_1_43' title="bbox 213 4317 1813 4392; baseline 0.018 -26"><span class='ocrx_word' id='word_1_252' title='bbox 213 4318 378 4385; x_wconf 86' lang='lat' dir='ltr'><strong>atque</strong></span> <span class='ocrx_word' id='word_1_253' title='bbox 408 4317 793 4388; x_wconf 87' lang='lat' dir='ltr'><strong>suppresserit,</strong></span> <span class='ocrx_word' id='word_1_254' title='bbox 835 4326 889 4375; x_wconf 91' lang='lat' dir='ltr'><strong>et</strong></span> <span class='ocrx_word' id='word_1_255' title='bbox 918 4336 1030 4378; x_wconf 91' lang='lat' dir='ltr'><strong>non</strong></span> <span class='ocrx_word' id='word_1_256' title='bbox 1062 4325 1250 4383; x_wconf 87' lang='lat' dir='ltr'><strong>statim</strong></span> <span class='ocrx_word' id='word_1_257' title='bbox 1281 4345 1313 4385; x_wconf 87' lang='lat' dir='ltr'><strong>a</strong></span> <span class='ocrx_word' id='word_1_258' title='bbox 1343 4331 1623 4390; x_wconf 86' lang='lat' dir='ltr'><strong>sacerdote</strong></span> <span class='ocrx_word' id='word_1_259' title='bbox 1652 4352 1813 4392; x_wconf 93' lang='lat' dir='ltr'><strong>com-</strong></span> 
     </span>
    </p>
   </div>
   <div class='ocr_carea' id='block_1_43' title="bbox 213 4401 1813 4483">
    <p class='ocr_par' dir='ltr' id='par_1_43' title="bbox 213 4401 1813 4483">
     <span class='ocr_line' id='line_1_44' title="bbox 213 4401 1813 4483; baseline 0.018 -28"><span class='ocrx_word' id='word_1_260' title='bbox 213 4401 460 4460; x_wconf 91' lang='lat' dir='ltr'><strong>monitus</strong></span> <span class='ocrx_word' id='word_1_261' title='bbox 499 4406 613 4461; x_wconf 91' lang='lat' dir='ltr'><strong>Deo</strong></span> <span class='ocrx_word' id='word_1_262' title='bbox 642 4407 841 4464; x_wconf 88' lang='lat' dir='ltr'><strong>collata</strong></span> <span class='ocrx_word' id='word_1_263' title='bbox 869 4409 1193 4483; x_wconf 88' lang='lat' dir='ltr'><strong>reddiderit,</strong></span> <span class='ocrx_word' id='word_1_264' title='bbox 1225 4416 1294 4472; x_wconf 90' lang='lat' dir='ltr'><strong>ab</strong></span> <span class='ocrx_word' id='word_1_265' title='bbox 1322 4418 1582 4479; x_wconf 90' lang='lat' dir='ltr'><strong>Ecclesia</strong></span> <span class='ocrx_word' id='word_1_266' title='bbox 1612 4426 1813 4483; x_wconf 89' lang='lat' dir='ltr'><strong>catho-</strong></span> 
     </span>
    </p>
   </div>
   <div class='ocr_carea' id='block_1_44' title="bbox 213 4490 1043 4570">
    <p class='ocr_par' dir='ltr' id='par_1_44' title="bbox 213 4490 1043 4570">
     <span class='ocr_line' id='line_1_45' title="bbox 213 4490 1043 4570; baseline 0.014 -24"><span class='ocrx_word' id='word_1_267' title='bbox 213 4490 334 4548; x_wconf 86' lang='lat' dir='ltr'><strong>lica</strong></span> <span class='ocrx_word' id='word_1_268' title='bbox 367 4494 761 4554; x_wconf 87' lang='lat' dir='ltr'><strong>communione</strong></span> <span class='ocrx_word' id='word_1_269' title='bbox 789 4498 1043 4570; x_wconf 85' lang='lat' dir='ltr'><strong>pellatur.</strong></span> 
     </span>
    </p>
   </div>
   <div class='ocr_carea' id='block_1_45' title="bbox 207 4612 1887 4729">
    <p class='ocr_par' dir='ltr' id='par_1_45' title="bbox 207 4612 1887 4729">
     <span class='ocr_line' id='line_1_46' title="bbox 207 4612 1887 4729; baseline 0.013 -57"><span class='ocrx_word' id='word_1_270' title='bbox 207 4612 506 4729; x_wconf 40' lang='grc' dir='ltr'><strong>(λλλιιὶνῐῐἓ</strong></span> <span class='ocrx_word' id='word_1_271' title='bbox 527 4618 607 4729; x_wconf 57' lang='lat' dir='ltr'><strong>De:</strong></span> <span class='ocrx_word' id='word_1_272' title='bbox 631 4620 713 4675; x_wconf 89' lang='lat' dir='ltr'><strong>his</strong></span> <span class='ocrx_word' id='word_1_273' title='bbox 732 4623 948 4729; x_wconf 44' lang='lat' dir='ltr'><strong>&#39;quihres</strong></span> <span class='ocrx_word' id='word_1_274' title='bbox 993 4627 1482 4713; x_wconf 53' lang='lat' dir='ltr'><strong>ecclesia&quot;traditas</strong></span> <span class='ocrx_word' id='word_1_275' title='bbox 1508 4634 1806 4717; x_wconf 62' lang='lat' dir='ltr'><strong>invadunt,</strong></span> <span class='ocrx_word' id='word_1_276' title='bbox 1838 4670 1887 4729; x_wconf 84' lang='lat' dir='ltr'><strong>D</strong></span> 
     </span>
     <span class='ocr_line' id='line_1_47' title="bbox 278 4701 1785 4729; baseline 0 0"><span class='ocrx_word' id='word_1_277' title='bbox 278 4701 340 4729; x_wconf 68' lang='grc' dir='ltr'><strong>ἥρ</strong></span> <span class='ocrx_word' id='word_1_278' title='bbox 388 4704 483 4729; x_wconf 62' lang='grc' dir='ltr'><strong>’νη</strong></span> <span class='ocrx_word' id='word_1_279' title='bbox 499 4706 573 4729; x_wconf 78' lang='lat' dir='ltr'><strong>nn</strong></span> <span class='ocrx_word' id='word_1_280' title='bbox 654 4709 725 4729; x_wconf 76' lang='lat' dir='ltr'><strong>nu</strong></span> <span class='ocrx_word' id='word_1_281' title='bbox 800 4711 831 4729; x_wconf 79' lang='grc' dir='ltr'>η</span> <span class='ocrx_word' id='word_1_282' title='bbox 871 4712 992 4729; x_wconf 69' lang='lat' dir='ltr'><strong>unm</strong></span> <span class='ocrx_word' id='word_1_283' title='bbox 1035 4716 1243 4729; x_wconf 52' lang='lat' dir='ltr'><strong>manarum-4</strong></span> <span class='ocrx_word' id='word_1_284' title='bbox 1296 4719 1512 4729; x_wconf 60' lang='grc' dir='ltr'><strong>-..μηυημ</strong></span> <span class='ocrx_word' id='word_1_285' title='bbox 1565 4724 1785 4729; x_wconf 29' lang='grc' dir='ltr'><strong>---ημηγ</strong></span> 
     </span>
    </p>
   </div>
   <div class='ocr_carea' id='block_1_46' title="bbox 278 4687 1807 4815">
    <p class='ocr_par' dir='ltr' id='par_1_46' title="bbox 278 4687 1807 4815">
     <span class='ocr_line' id='line_1_48' title="bbox 278 4687 1807 4815; baseline 0.018 -75"><span class='ocrx_word' id='word_1_286' title='bbox 278 4687 362 4741; x_wconf 77' lang='lat' dir='ltr'><strong>vel</strong></span> <span class='ocrx_word' id='word_1_287' title='bbox 382 4694 619 4815; x_wconf 56' lang='lat' dir='ltr'><strong>pasta‘nt,</strong></span> <span class='ocrx_word' id='word_1_288' title='bbox 654 4687 764 4749; x_wconf 65' lang='lat' dir='ltr'><strong>aut</strong></span> <span class='ocrx_word' id='word_1_289' title='bbox 799 4694 992 4767; x_wconf 81' lang='lat' dir='ltr'><strong>absque</strong></span> <span class='ocrx_word' id='word_1_290' title='bbox 1028 4701 1247 4773; x_wconf 80' lang='lat' dir='ltr'><strong>proprii</strong></span> <span class='ocrx_word' id='word_1_291' title='bbox 1291 4703 1518 4778; x_wconf 87' lang='lat' dir='ltr'><strong>episcopi</strong></span> <span class='ocrx_word' id='word_1_292' title='bbox 1533 4687 1807 4769; x_wconf 58' lang='lat' dir='ltr'><strong>consensi;</strong></span> 
     </span>
     <span class='ocr_line' id='line_1_49' title="bbox 278 4774 561 4815; baseline 0.007 -2"><span class='ocrx_word' id='word_1_293' title='bbox 278 4774 521 4815; x_wconf 80' lang='lat' dir='ltr'><strong>accmmn</strong></span> <span class='ocrx_word' id='word_1_294' title='bbox 551 4804 561 4815; x_wconf 93' lang='lat'>.</span> 
     </span>
    </p>
   </div>
   <div class='ocr_carea' id='block_1_47' title="bbox 277 4774 561 4831">
    <p class='ocr_par' dir='ltr' id='par_1_47' title="bbox 277 4774 561 4831">
     <span class='ocr_line' id='line_1_50' title="bbox 277 4774 561 4831; baseline 0.014 -19"><span class='ocrx_word' id='word_1_295' title='bbox 277 4774 561 4831; x_wconf 70' lang='lat' dir='ltr'><strong>accipiunt.</strong></span> 
     </span>
    </p>
   </div>
   <div class='ocr_carea' id='block_1_48' title="bbox 698 4858 1326 4939">
    <p class='ocr_par' dir='ltr' id='par_1_48' title="bbox 698 4858 1326 4939">
     <span class='ocr_line' id='line_1_51' title="bbox 698 4858 1326 4939; baseline 0.022 -25"><span class='ocrx_word' id='word_1_296' title='bbox 698 4858 786 4915; x_wconf 87' lang='lat' dir='ltr'><strong>Ex</strong></span> <span class='ocrx_word' id='word_1_297' title='bbox 815 4859 1027 4933; x_wconf 91' lang='lat' dir='ltr'><strong>eodem,</strong></span> <span class='ocrx_word' id='word_1_298' title='bbox 1060 4880 1178 4939; x_wconf 89' lang='lat' dir='ltr'><strong>cap.</strong></span> <span class='ocrx_word' id='word_1_299' title='bbox 1203 4866 1326 4928; x_wconf 84' lang='lat'><strong>275.</strong></span> 
     </span>
    </p>
   </div>
   <div class='ocr_carea' id='block_1_49' title="bbox 278 4961 1797 5064">
    <p class='ocr_par' dir='ltr' id='par_1_49' title="bbox 278 4961 1797 5064">
     <span class='ocr_line' id='line_1_52' title="bbox 278 4961 1797 5064; baseline 0.022 -47"><span class='ocrx_word' id='word_1_300' title='bbox 278 4961 407 5035; x_wconf 83' lang='lat' dir='ltr'><strong>(vn,</strong></span> <span class='ocrx_word' id='word_1_301' title='bbox 440 4962 585 5064; x_wconf 62' lang='grc'><strong>199.)</strong></span> <span class='ocrx_word' id='word_1_302' title='bbox 626 4966 681 5024; x_wconf 90' lang='lat' dir='ltr'><strong>Si</strong></span> <span class='ocrx_word' id='word_1_303' title='bbox 728 4969 852 5064; x_wconf 80' lang='lat' dir='ltr'><strong>quis</strong></span> <span class='ocrx_word' id='word_1_304' title='bbox 897 4989 983 5064; x_wconf 82' lang='lat' dir='ltr'><strong>res</strong></span> <span class='ocrx_word' id='word_1_305' title='bbox 1011 4976 1252 5036; x_wconf 87' lang='lat' dir='ltr'><strong>ecclesia</strong></span> <span class='ocrx_word' id='word_1_306' title='bbox 1281 4980 1512 5055; x_wconf 88' lang='lat' dir='ltr'><strong>debitas,</strong></span> <span class='ocrx_word' id='word_1_307' title='bbox 1545 4989 1634 5046; x_wconf 87' lang='lat' dir='ltr'><strong>vel</strong></span> <span class='ocrx_word' id='word_1_308' title='bbox 1667 5008 1797 5064; x_wconf 90' lang='lat' dir='ltr'><strong>pro-</strong></span> 
     </span>
    </p>
   </div>
   <div class='ocr_carea' id='block_1_50' title="bbox 200 5053 1804 5140">
    <p class='ocr_par' dir='ltr' id='par_1_50' title="bbox 200 5053 1804 5140">
     <span class='ocr_line' id='line_1_53' title="bbox 200 5053 1804 5140; baseline 0.021 -34"><span class='ocrx_word' id='word_1_309' title='bbox 200 5053 353 5125; x_wconf 88' lang='lat' dir='ltr'><strong>prias</strong></span> <span class='ocrx_word' id='word_1_310' title='bbox 382 5056 700 5127; x_wconf 82' lang='lat' dir='ltr'><strong>sacerdotis,</strong></span> <span class='ocrx_word' id='word_1_311' title='bbox 731 5058 1019 5120; x_wconf 86' lang='lat' dir='ltr'><strong>horrenda</strong></span> <span class='ocrx_word' id='word_1_312' title='bbox 1049 5068 1369 5139; x_wconf 87' lang='lat' dir='ltr'><strong>cupiditatis</strong></span> <span class='ocrx_word' id='word_1_313' title='bbox 1401 5053 1804 5140; x_wconf 36' lang='lat' dir='ltr'><strong>instinctuloc-</strong></span> 
     </span>
    </p>
   </div>
   <div class='ocr_carea' id='block_1_51' title="bbox 199 5143 1801 5241">
    <p class='ocr_par' dir='ltr' id='par_1_51' title="bbox 199 5143 1801 5241">
     <span class='ocr_line' id='line_1_54' title="bbox 199 5143 1801 5241; baseline 0.019 -45"><span class='ocrx_word' id='word_1_314' title='bbox 199 5143 508 5214; x_wconf 89' lang='lat' dir='ltr'><strong>cupaverit,</strong></span> <span class='ocrx_word' id='word_1_315' title='bbox 542 5146 854 5220; x_wconf 90' lang='lat' dir='ltr'><strong>retinuerit,</strong></span> <span class='ocrx_word' id='word_1_316' title='bbox 899 5159 995 5209; x_wconf 91' lang='lat' dir='ltr'><strong>aut</strong></span> <span class='ocrx_word' id='word_1_317' title='bbox 1040 5171 1071 5211; x_wconf 93' lang='lat' dir='ltr'><strong>a</strong></span> <span class='ocrx_word' id='word_1_318' title='bbox 1118 5166 1383 5229; x_wconf 87' lang='lat' dir='ltr'><strong>potestate</strong></span> <span class='ocrx_word' id='word_1_319' title='bbox 1417 5179 1487 5219; x_wconf 91' lang='lat' dir='ltr'><strong>ex</strong></span> <span class='ocrx_word' id='word_1_320' title='bbox 1524 5172 1801 5241; x_wconf 82' lang='lat' dir='ltr'><strong>competi-</strong></span> 
     </span>
    </p>
   </div>
   <div class='ocr_carea' id='block_1_52' title="bbox 199 5228 1801 5321">
    <p class='ocr_par' dir='ltr' id='par_1_52' title="bbox 199 5228 1801 5321">
     <span class='ocr_line' id='line_1_55' title="bbox 199 5228 1801 5321; baseline 0.02 -35"><span class='ocrx_word' id='word_1_321' title='bbox 199 5228 354 5288; x_wconf 91' lang='lat' dir='ltr'><strong>tione</strong></span> <span class='ocrx_word' id='word_1_322' title='bbox 383 5236 708 5309; x_wconf 89' lang='lat' dir='ltr'><strong>perceperit,</strong></span> <span class='ocrx_word' id='word_1_323' title='bbox 731 5239 776 5296; x_wconf 90' lang='lat' dir='ltr'><strong>si</strong></span> <span class='ocrx_word' id='word_1_324' title='bbox 798 5256 888 5298; x_wconf 90' lang='lat' dir='ltr'><strong>eas</strong></span> <span class='ocrx_word' id='word_1_325' title='bbox 916 5258 1027 5300; x_wconf 90' lang='lat' dir='ltr'><strong>non</strong></span> <span class='ocrx_word' id='word_1_326' title='bbox 1057 5228 1379 5321; x_wconf 84' lang='lat' dir='ltr'><strong>restituerit,</strong></span> <span class='ocrx_word' id='word_1_327' title='bbox 1412 5260 1801 5320; x_wconf 90' lang='lat' dir='ltr'><strong>communione</strong></span> 
     </span>
    </p>
   </div>
   <div class='ocr_carea' id='block_1_53' title="bbox 200 5324 1798 5415">
    <p class='ocr_par' dir='ltr' id='par_1_53' title="bbox 200 5324 1798 5415">
     <span class='ocr_line' id='line_1_56' title="bbox 200 5324 1798 5415; baseline 0.019 -37"><span class='ocrx_word' id='word_1_328' title='bbox 200 5324 471 5395; x_wconf 88' lang='lat' dir='ltr'><strong>privetur.</strong></span> <span class='ocrx_word' id='word_1_329' title='bbox 501 5327 659 5396; x_wconf 90' lang='lat' dir='ltr'><strong>Quod</strong></span> <span class='ocrx_word' id='word_1_330' title='bbox 679 5331 747 5401; x_wconf 89' lang='lat' dir='ltr'><strong>si,</strong></span> <span class='ocrx_word' id='word_1_331' title='bbox 779 5334 966 5405; x_wconf 88' lang='lat' dir='ltr'><strong>agnito</strong></span> <span class='ocrx_word' id='word_1_332' title='bbox 985 5335 1110 5408; x_wconf 90' lang='lat' dir='ltr'><strong>jure</strong></span> <span class='ocrx_word' id='word_1_333' title='bbox 1139 5341 1529 5415; x_wconf 89' lang='lat' dir='ltr'><strong>ecclesiastico,</strong></span> <span class='ocrx_word' id='word_1_334' title='bbox 1554 5363 1665 5405; x_wconf 91' lang='lat' dir='ltr'><strong>non</strong></span> <span class='ocrx_word' id='word_1_335' title='bbox 1693 5358 1798 5408; x_wconf 88' lang='lat' dir='ltr'><strong>sta-</strong></span> 
     </span>
    </p>
   </div>
   <div class='ocr_carea' id='block_1_54' title="bbox 196 5408 1796 5511">
    <p class='ocr_par' dir='ltr' id='par_1_54' title="bbox 196 5408 1796 5511">
     <span class='ocr_line' id='line_1_57' title="bbox 196 5408 1796 5511; baseline 0.021 -46"><span class='ocrx_word' id='word_1_336' title='bbox 196 5408 301 5467; x_wconf 84' lang='lat' dir='ltr'><strong>tim</strong></span> <span class='ocrx_word' id='word_1_337' title='bbox 322 5414 572 5473; x_wconf 81' lang='lat' dir='ltr'><strong>ecclesia</strong></span> <span class='ocrx_word' id='word_1_338' title='bbox 592 5419 679 5475; x_wconf 88' lang='lat' dir='ltr'><strong>vel</strong></span> <span class='ocrx_word' id='word_1_339' title='bbox 709 5422 977 5480; x_wconf 91' lang='lat' dir='ltr'><strong>sacerdoti</strong></span> <span class='ocrx_word' id='word_1_340' title='bbox 1004 5426 1404 5502; x_wconf 88' lang='lat' dir='ltr'><strong>reformaverit,</strong></span> <span class='ocrx_word' id='word_1_341' title='bbox 1428 5408 1599 5493; x_wconf 82' lang='lat' dir='ltr'><strong>autut</strong></span> <span class='ocrx_word' id='word_1_342' title='bbox 1616 5438 1796 5511; x_wconf 91' lang='lat' dir='ltr'><strong>ipsum</strong></span> 
     </span>
    </p>
   </div>
   <div class='ocr_carea' id='block_1_55' title="bbox 188 5500 1797 5589">
    <p class='ocr_par' dir='ltr' id='par_1_55' title="bbox 188 5500 1797 5589">
     <span class='ocr_line' id='line_1_58' title="bbox 188 5500 1797 5589; baseline 0.018 -30"><span class='ocrx_word' id='word_1_343' title='bbox 188 5500 286 5574; x_wconf 88' lang='lat' dir='ltr'><strong>jus</strong></span> <span class='ocrx_word' id='word_1_344' title='bbox 318 5519 609 5583; x_wconf 83' lang='lat' dir='ltr'><strong>agnoscere</strong></span> <span class='ocrx_word' id='word_1_345' title='bbox 654 5512 828 5583; x_wconf 90' lang='lat' dir='ltr'><strong>possit</strong></span> <span class='ocrx_word' id='word_1_346' title='bbox 868 5513 928 5569; x_wconf 91' lang='lat' dir='ltr'><strong>in</strong></span> <span class='ocrx_word' id='word_1_347' title='bbox 964 5514 1240 5587; x_wconf 90' lang='lat' dir='ltr'><strong>judicium</strong></span> <span class='ocrx_word' id='word_1_348' title='bbox 1279 5522 1577 5583; x_wconf 91' lang='lat' dir='ltr'><strong>electorum</strong></span> <span class='ocrx_word' id='word_1_349' title='bbox 1607 5530 1797 5589; x_wconf 90' lang='lat' dir='ltr'><strong>venire</strong></span> 
     </span>
    </p>
   </div>
   <div class='ocr_carea' id='block_1_56' title="bbox 194 5589 1795 5693">
    <p class='ocr_par' dir='ltr' id='par_1_56' title="bbox 194 5589 1795 5693">
     <span class='ocr_line' id='line_1_59' title="bbox 194 5589 1795 5693; baseline 0.021 -48"><span class='ocrx_word' id='word_1_350' title='bbox 194 5589 499 5665; x_wconf 85' lang='lat' dir='ltr'><strong>distulerit,</strong></span> <span class='ocrx_word' id='word_1_351' title='bbox 521 5598 717 5656; x_wconf 72' lang='lat' dir='ltr'><strong>tandiu</strong></span> <span class='ocrx_word' id='word_1_352' title='bbox 729 5616 761 5657; x_wconf 89' lang='lat' dir='ltr'><strong>a</strong></span> <span class='ocrx_word' id='word_1_353' title='bbox 779 5606 1170 5665; x_wconf 90' lang='lat' dir='ltr'><strong>communione</strong></span> <span class='ocrx_word' id='word_1_354' title='bbox 1189 5611 1555 5673; x_wconf 89' lang='lat' dir='ltr'><strong>ecclesiastica</strong></span> <span class='ocrx_word' id='word_1_355' title='bbox 1573 5618 1795 5693; x_wconf 86' lang='lat' dir='ltr'><strong>suspen-</strong></span> 
     </span>
    </p>
   </div>
   <div class='ocr_carea' id='block_1_57' title="bbox 192 5677 1793 5784">
    <p class='ocr_par' dir='ltr' id='par_1_57' title="bbox 192 5677 1793 5784">
     <span class='ocr_line' id='line_1_60' title="bbox 192 5677 1793 5784; baseline 0.022 -49"><span class='ocrx_word' id='word_1_356' title='bbox 192 5677 380 5752; x_wconf 89' lang='lat' dir='ltr'><strong>datur,</strong></span> <span class='ocrx_word' id='word_1_357' title='bbox 412 5685 658 5757; x_wconf 89' lang='lat' dir='ltr'><strong>quandiu</strong></span> <span class='ocrx_word' id='word_1_358' title='bbox 683 5691 956 5751; x_wconf 88' lang='lat' dir='ltr'><strong>restitutis</strong></span> <span class='ocrx_word' id='word_1_359' title='bbox 984 5695 1146 5755; x_wconf 89' lang='lat' dir='ltr'><strong>rebus</strong></span> <span class='ocrx_word' id='word_1_360' title='bbox 1172 5704 1287 5759; x_wconf 82' lang='lat' dir='ltr'><strong>tam</strong></span> <span class='ocrx_word' id='word_1_361' title='bbox 1315 5703 1601 5765; x_wconf 86' lang='lat' dir='ltr'><strong>ecclesiam</strong></span> <span class='ocrx_word' id='word_1_362' title='bbox 1630 5677 1793 5784; x_wconf 74' lang='lat' dir='ltr'><strong>quam</strong></span> 
     </span>
    </p>
   </div>
   <div class='ocr_carea' id='block_1_58' title="bbox 188 5771 1117 5845">
    <p class='ocr_par' dir='ltr' id='par_1_58' title="bbox 188 5771 1117 5845">
     <span class='ocr_line' id='line_1_61' title="bbox 188 5771 1117 5845; baseline 0.019 -18"><span class='ocrx_word' id='word_1_363' title='bbox 188 5771 533 5833; x_wconf 76' lang='lat' dir='ltr'><strong>sacerdotem</strong></span> <span class='ocrx_word' id='word_1_364' title='bbox 561 5776 753 5837; x_wconf 81' lang='lat' dir='ltr'><strong>reddat</strong></span> <span class='ocrx_word' id='word_1_365' title='bbox 782 5780 1117 5845; x_wconf 89' lang='lat' dir='ltr'><strong>indemnem.</strong></span> 
     </span>
    </p>
   </div>
   <div class='ocr_carea' id='block_1_59' title="bbox 518 5846 1055 5917">
    <p class='ocr_par' dir='ltr' id='par_1_59' title="bbox 518 5846 1055 5917">
     <span class='ocr_line' id='line_1_62' title="bbox 518 5846 1055 5917; baseline 0.02 -12"><span class='ocrx_word' id='word_1_366' title='bbox 518 5846 760 5911; x_wconf 67' lang='lat' dir='ltr'><strong>Parnon.</strong></span> <span class='ocrx_word' id='word_1_367' title='bbox 804 5852 1055 5917; x_wconf 82' lang='lat' dir='ltr'><strong>CXXIV.</strong></span> 
     </span>
    </p>
   </div>
   <div class='ocr_carea' id='block_1_60' title="bbox 1729 412 2073 487">
    <p class='ocr_par' dir='ltr' id='par_1_60' title="bbox 1729 412 2073 487">
     <span class='ocr_line' id='line_1_63' title="bbox 1729 412 2073 487; baseline 0.012 -4"><span class='ocrx_word' id='word_1_368' title='bbox 1729 412 1871 484; x_wconf 82' lang='lat' dir='ltr'><strong>CAN</strong></span> <span class='ocrx_word' id='word_1_369' title='bbox 1875 418 2073 487; x_wconf 81' lang='lat' dir='ltr'><strong>ONES.</strong></span> 
     </span>
    </p>
   </div>
   <div class='ocr_carea' id='block_1_61' title="bbox 3424 459 3561 521">
    <p class='ocr_par' dir='ltr' id='par_1_61' title="bbox 3424 459 3561 521">
     <span class='ocr_line' id='line_1_64' title="bbox 3424 459 3561 521; baseline 0.015 -2"><span class='ocrx_word' id='word_1_370' title='bbox 3424 459 3561 521; x_wconf 87' lang='grc'><strong>1098</strong></span> 
     </span>
    </p>
   </div>
   <div class='ocr_carea' id='block_1_62' title="bbox 1875 588 3440 686">
    <p class='ocr_par' dir='ltr' id='par_1_62' title="bbox 1875 588 3440 686">
     <span class='ocr_line' id='line_1_65' title="bbox 1875 588 3440 686; baseline 0.019 -38"><span class='ocrx_word' id='word_1_371' title='bbox 1875 588 1928 648; x_wconf 86' lang='grc' dir='ltr'><strong>Α</strong></span> <span class='ocrx_word' id='word_1_372' title='bbox 2061 591 2192 651; x_wconf 89' lang='lat' dir='ltr'><strong>CAP.</strong></span> <span class='ocrx_word' id='word_1_373' title='bbox 2222 592 2366 653; x_wconf 78' lang='lat' dir='ltr'>VIII.</span> <span class='ocrx_word' id='word_1_374' title='bbox 2400 598 2477 655; x_wconf 90' lang='lat' dir='ltr'><strong>De</strong></span> <span class='ocrx_word' id='word_1_375' title='bbox 2511 600 2592 658; x_wconf 88' lang='lat' dir='ltr'><strong>his</strong></span> <span class='ocrx_word' id='word_1_376' title='bbox 2625 603 2734 686; x_wconf 65' lang='lat' dir='ltr'><strong>qui</strong></span> <span class='ocrx_word' id='word_1_377' title='bbox 2747 605 3034 668; x_wconf 79' lang='lat' dir='ltr'><strong>oblationes</strong></span> <span class='ocrx_word' id='word_1_378' title='bbox 3065 612 3440 686; x_wconf 75' lang='lat' dir='ltr'><strong>defttnctorum</strong></span> 
     </span>
    </p>
   </div>
   <div class='ocr_carea' id='block_1_63' title="bbox 2632 679 2877 737">
    <p class='ocr_par' dir='ltr' id='par_1_63' title="bbox 2632 679 2877 737">
     <span class='ocr_line' id='line_1_66' title="bbox 2632 679 2877 737; baseline 0.024 -6"><span class='ocrx_word' id='word_1_379' title='bbox 2632 679 2877 737; x_wconf 81' lang='lat' dir='ltr'><strong>retinent.</strong></span> 
     </span>
    </p>
   </div>
   <div class='ocr_carea' id='block_1_64' title="bbox 2456 761 3053 843">
    <p class='ocr_par' dir='ltr' id='par_1_64' title="bbox 2456 761 3053 843">
     <span class='ocr_line' id='line_1_67' title="bbox 2456 761 3053 843; baseline 0.023 -27"><span class='ocrx_word' id='word_1_380' title='bbox 2456 761 2546 818; x_wconf 92' lang='lat' dir='ltr'><strong>Ex</strong></span> <span class='ocrx_word' id='word_1_381' title='bbox 2567 764 2778 836; x_wconf 90' lang='lat' dir='ltr'><strong>eodem,</strong></span> <span class='ocrx_word' id='word_1_382' title='bbox 2811 786 2931 843; x_wconf 89' lang='lat' dir='ltr'><strong>cap.</strong></span> <span class='ocrx_word' id='word_1_383' title='bbox 2963 773 3053 830; x_wconf 89' lang='lat'><strong>20.</strong></span> 
     </span>
    </p>
   </div>
   <div class='ocr_carea' id='block_1_65' title="bbox 2034 853 3554 941">
    <p class='ocr_par' dir='ltr' id='par_1_65' title="bbox 2034 853 3554 941">
     <span class='ocr_line' id='line_1_68' title="bbox 2034 853 3554 941; baseline 0.02 -33"><span class='ocrx_word' id='word_1_384' title='bbox 2034 853 2160 924; x_wconf 82' lang='lat' dir='ltr'><strong>(vn,</strong></span> <span class='ocrx_word' id='word_1_385' title='bbox 2190 855 2337 930; x_wconf 89' lang='grc'><strong>199.)</strong></span> <span class='ocrx_word' id='word_1_386' title='bbox 2368 857 2582 917; x_wconf 90' lang='lat' dir='ltr'><strong>Similis</strong></span> <span class='ocrx_word' id='word_1_387' title='bbox 2605 863 2771 920; x_wconf 89' lang='lat' dir='ltr'><strong>etiam</strong></span> <span class='ocrx_word' id='word_1_388' title='bbox 2801 866 2889 923; x_wconf 91' lang='lat' dir='ltr'><strong>his</strong></span> <span class='ocrx_word' id='word_1_389' title='bbox 2909 871 3003 941; x_wconf 88' lang='lat' dir='ltr'><strong>qui</strong></span> <span class='ocrx_word' id='word_1_390' title='bbox 3034 871 3342 934; x_wconf 89' lang='lat' dir='ltr'><strong>oblationes</strong></span> <span class='ocrx_word' id='word_1_391' title='bbox 3362 878 3554 936; x_wconf 88' lang='lat' dir='ltr'><strong>defun-</strong></span> 
     </span>
    </p>
   </div>
   <div class='ocr_carea' id='block_1_66' title="bbox 1960 947 3557 1033">
    <p class='ocr_par' dir='ltr' id='par_1_66' title="bbox 1960 947 3557 1033">
     <span class='ocr_line' id='line_1_69' title="bbox 1960 947 3557 1033; baseline 0.019 -36"><span class='ocrx_word' id='word_1_392' title='bbox 1960 950 2175 1000; x_wconf 86' lang='lat' dir='ltr'><strong>ctorum</strong></span> <span class='ocrx_word' id='word_1_393' title='bbox 2200 947 2446 1004; x_wconf 91' lang='lat' dir='ltr'><strong>ecclesiis</strong></span> <span class='ocrx_word' id='word_1_394' title='bbox 2477 951 2565 1006; x_wconf 91' lang='lat' dir='ltr'><strong>vel</strong></span> <span class='ocrx_word' id='word_1_395' title='bbox 2622 955 2999 1014; x_wconf 86' lang='lat' dir='ltr'><strong>sacerdotibus</strong></span> <span class='ocrx_word' id='word_1_396' title='bbox 3027 961 3275 1033; x_wconf 88' lang='lat' dir='ltr'><strong>legaliter</strong></span> <span class='ocrx_word' id='word_1_397' title='bbox 3302 967 3557 1026; x_wconf 80' lang='lat' dir='ltr'><strong>dimissae</strong></span> 
     </span>
    </p>
   </div>
   <div class='ocr_carea' id='block_1_67' title="bbox 1959 1033 3556 1122">
    <p class='ocr_par' dir='ltr' id='par_1_67' title="bbox 1959 1033 3556 1122">
     <span class='ocr_line' id='line_1_70' title="bbox 1959 1033 3556 1122; baseline 0.018 -35"><span class='ocrx_word' id='word_1_398' title='bbox 1959 1033 2207 1104; x_wconf 90' lang='lat' dir='ltr'><strong>quolibet</strong></span> <span class='ocrx_word' id='word_1_399' title='bbox 2252 1036 2418 1093; x_wconf 90' lang='lat' dir='ltr'><strong>modo</strong></span> <span class='ocrx_word' id='word_1_400' title='bbox 2459 1041 2734 1113; x_wconf 87' lang='lat' dir='ltr'><strong>assignare</strong></span> <span class='ocrx_word' id='word_1_401' title='bbox 2783 1047 3146 1122; x_wconf 88' lang='lat' dir='ltr'><strong>tardaverint,</strong></span> <span class='ocrx_word' id='word_1_402' title='bbox 3186 1056 3275 1110; x_wconf 89' lang='lat' dir='ltr'><strong>vel</strong></span> <span class='ocrx_word' id='word_1_403' title='bbox 3318 1057 3556 1115; x_wconf 90' lang='lat' dir='ltr'><strong>retinere</strong></span> 
     </span>
    </p>
   </div>
   <div class='ocr_carea' id='block_1_68' title="bbox 1958 1126 3555 1220">
    <p class='ocr_par' dir='ltr' id='par_1_68' title="bbox 1958 1126 3555 1220">
     <span class='ocr_line' id='line_1_71' title="bbox 1958 1126 3555 1220; baseline 0.018 -43"><span class='ocrx_word' id='word_1_404' title='bbox 1958 1126 2801 1197; x_wconf 83' lang='lat' dir='ltr'><strong>prasumpserint,districtionis</strong></span> <span class='ocrx_word' id='word_1_405' title='bbox 2832 1138 3214 1199; x_wconf 82' lang='lat' dir='ltr'><strong>ecclesiastica</strong></span> <span class='ocrx_word' id='word_1_406' title='bbox 3229 1142 3392 1215; x_wconf 81' lang='lat' dir='ltr'><strong>juxta</strong></span> <span class='ocrx_word' id='word_1_407' title='bbox 3411 1147 3555 1220; x_wconf 90' lang='lat' dir='ltr'><strong>prio-</strong></span> 
     </span>
    </p>
   </div>
   <div class='ocr_carea' id='block_1_69' title="bbox 1957 1217 3554 1295">
    <p class='ocr_par' dir='ltr' id='par_1_69' title="bbox 1957 1217 3554 1295">
     <span class='ocr_line' id='line_1_72' title="bbox 1957 1217 3554 1295; baseline 0.018 -28"><span class='ocrx_word' id='word_1_408' title='bbox 1957 1227 2044 1268; x_wconf 91' lang='lat' dir='ltr'><strong>res</strong></span> <span class='ocrx_word' id='word_1_409' title='bbox 2086 1230 2323 1272; x_wconf 90' lang='lat' dir='ltr'><strong>canones</strong></span> <span class='ocrx_word' id='word_1_410' title='bbox 2353 1217 2531 1276; x_wconf 88' lang='lat' dir='ltr'><strong>forma</strong></span> <span class='ocrx_word' id='word_1_411' title='bbox 2577 1231 2852 1281; x_wconf 90' lang='lat' dir='ltr'><strong>servetur.</strong></span> <span class='ocrx_word' id='word_1_412' title='bbox 2910 1227 3011 1285; x_wconf 90' lang='lat' dir='ltr'><strong>Cui</strong></span> <span class='ocrx_word' id='word_1_413' title='bbox 3043 1230 3209 1286; x_wconf 89' lang='lat' dir='ltr'><strong>etiam</strong></span> <span class='ocrx_word' id='word_1_414' title='bbox 3265 1217 3554 1295; x_wconf 77' lang='lat' dir='ltr'><strong>sententia</strong></span> 
     </span>
    </p>
   </div>
   <div class='ocr_carea' id='block_1_70' title="bbox 1955 1302 3552 1398">
    <p class='ocr_par' dir='ltr' id='par_1_70' title="bbox 1955 1302 3552 1398">
     <span class='ocr_line' id='line_1_73' title="bbox 1955 1302 3552 1398; baseline 0.017 -40"><span class='ocrx_word' id='word_1_415' title='bbox 1955 1302 2261 1375; x_wconf 88' lang='lat' dir='ltr'><strong>subjacebit</strong></span> <span class='ocrx_word' id='word_1_416' title='bbox 2284 1306 2534 1382; x_wconf 91' lang='lat' dir='ltr'><strong>quisquis</strong></span> <span class='ocrx_word' id='word_1_417' title='bbox 2562 1311 2667 1367; x_wconf 92' lang='lat' dir='ltr'><strong>sibi</strong></span> <span class='ocrx_word' id='word_1_418' title='bbox 2699 1315 2952 1386; x_wconf 90' lang='lat' dir='ltr'><strong>quolibet</strong></span> <span class='ocrx_word' id='word_1_419' title='bbox 2997 1319 3215 1391; x_wconf 91' lang='lat' dir='ltr'><strong>ordine,</strong></span> <span class='ocrx_word' id='word_1_420' title='bbox 3245 1324 3393 1395; x_wconf 92' lang='lat' dir='ltr'><strong>quod</strong></span> <span class='ocrx_word' id='word_1_421' title='bbox 3452 1344 3552 1398; x_wconf 92' lang='lat' dir='ltr'><strong>pro</strong></span> 
     </span>
    </p>
   </div>
   <div class='ocr_carea' id='block_1_71' title="bbox 1955 1393 3552 1485">
    <p class='ocr_par' dir='ltr' id='par_1_71' title="bbox 1955 1393 3552 1485">
     <span class='ocr_line' id='line_1_74' title="bbox 1955 1393 3552 1485; baseline 0.015 -35"><span class='ocrx_word' id='word_1_422' title='bbox 1955 1393 2250 1451; x_wconf 87' lang='lat' dir='ltr'><strong>devotione</strong></span> <span class='ocrx_word' id='word_1_423' title='bbox 2298 1411 2397 1453; x_wconf 88' lang='lat' dir='ltr'><strong>sua</strong></span> <span class='ocrx_word' id='word_1_424' title='bbox 2447 1398 2694 1455; x_wconf 89' lang='lat' dir='ltr'><strong>ecclesiis</strong></span> <span class='ocrx_word' id='word_1_425' title='bbox 2748 1403 2924 1475; x_wconf 91' lang='lat' dir='ltr'><strong>dedit,</strong></span> <span class='ocrx_word' id='word_1_426' title='bbox 2957 1424 3215 1467; x_wconf 89' lang='lat' dir='ltr'><strong>revocare</strong></span> <span class='ocrx_word' id='word_1_427' title='bbox 3260 1393 3552 1485; x_wconf 77' lang='lat' dir='ltr'><strong>praeum—</strong></span> 
     </span>
    </p>
   </div>
   <div class='ocr_carea' id='block_1_72' title="bbox 1954 1481 2144 1552">
    <p class='ocr_par' dir='ltr' id='par_1_72' title="bbox 1954 1481 2144 1552">
     <span class='ocr_line' id='line_1_75' title="bbox 1954 1481 2144 1552; baseline 0 -14"><span class='ocrx_word' id='word_1_428' title='bbox 1954 1481 2144 1552; x_wconf 85' lang='lat' dir='ltr'><strong>pserit.</strong></span> 
     </span>
    </p>
   </div>
   <div class='ocr_carea' id='block_1_73' title="bbox 1954 1593 3545 1681">
    <p class='ocr_par' dir='ltr' id='par_1_73' title="bbox 1954 1593 3545 1681">
     <span class='ocr_line' id='line_1_76' title="bbox 1954 1593 3545 1681; baseline 0.014 -28"><span class='ocrx_word' id='word_1_429' title='bbox 1954 1593 2084 1653; x_wconf 80' lang='lat' dir='ltr'><strong>CAP.</strong></span> <span class='ocrx_word' id='word_1_430' title='bbox 2111 1596 2311 1681; x_wconf 72' lang='lat' dir='ltr'><strong>IX_._De</strong></span> <span class='ocrx_word' id='word_1_431' title='bbox 2345 1600 2641 1681; x_wconf 77' lang='lat' dir='ltr'><strong>abbatibus,</strong></span> <span class='ocrx_word' id='word_1_432' title='bbox 2677 1609 3016 1681; x_wconf 81' lang='lat' dir='ltr'><strong>presbyteris,</strong></span> <span class='ocrx_word' id='word_1_433' title='bbox 3067 1615 3149 1670; x_wconf 80' lang='lat' dir='ltr'><strong>vel</strong></span> <span class='ocrx_word' id='word_1_434' title='bbox 3167 1615 3397 1681; x_wconf 83' lang='lat' dir='ltr'><strong>reliquis</strong></span> <span class='ocrx_word' id='word_1_435' title='bbox 3434 1618 3545 1676; x_wconf 81' lang='lat' dir='ltr'><strong>mi-</strong></span> 
     </span>
    </p>
   </div>
   <div class='ocr_carea' id='block_1_74' title="bbox 2128 1670 3362 1746">
    <p class='ocr_par' dir='ltr' id='par_1_74' title="bbox 2128 1670 3362 1746">
     <span class='ocr_line' id='line_1_77' title="bbox 2128 1670 3362 1746; baseline 0.019 -23"><span class='ocrx_word' id='word_1_436' title='bbox 2128 1670 2316 1725; x_wconf 84' lang='lat' dir='ltr'><strong>nistris</strong></span> <span class='ocrx_word' id='word_1_437' title='bbox 2344 1672 2497 1729; x_wconf 82' lang='lat' dir='ltr'><strong>rebus</strong></span> <span class='ocrx_word' id='word_1_438' title='bbox 2524 1670 2880 1737; x_wconf 58' lang='lat' dir='ltr'><strong>ecclésiasticis</strong></span> <span class='ocrx_word' id='word_1_439' title='bbox 2908 1670 3014 1738; x_wconf 65' lang='lat' dir='ltr'><strong>non</strong></span> <span class='ocrx_word' id='word_1_440' title='bbox 3038 1670 3362 1746; x_wconf 68' lang='lat' dir='ltr'><strong>alienandis.</strong></span> 
     </span>
    </p>
   </div>
   <div class='ocr_carea' id='block_1_75' title="bbox 2443 1764 3039 1844">
    <p class='ocr_par' dir='ltr' id='par_1_75' title="bbox 2443 1764 3039 1844">
     <span class='ocr_line' id='line_1_78' title="bbox 2443 1764 3039 1844; baseline 0.02 -25"><span class='ocrx_word' id='word_1_441' title='bbox 2443 1764 2531 1820; x_wconf 88' lang='lat' dir='ltr'><strong>Ex</strong></span> <span class='ocrx_word' id='word_1_442' title='bbox 2563 1767 2774 1839; x_wconf 90' lang='lat' dir='ltr'><strong>eodem,</strong></span> <span class='ocrx_word' id='word_1_443' title='bbox 2796 1788 2916 1844; x_wconf 89' lang='lat' dir='ltr'><strong>cap.</strong></span> <span class='ocrx_word' id='word_1_444' title='bbox 2951 1772 3039 1831; x_wconf 87' lang='lat'><strong>36.</strong></span> 
     </span>
    </p>
   </div>
   <div class='ocr_carea' id='block_1_76' title="bbox 2020 1855 3544 1947">
    <p class='ocr_par' dir='ltr' id='par_1_76' title="bbox 2020 1855 3544 1947">
     <span class='ocr_line' id='line_1_79' title="bbox 2020 1855 3544 1947; baseline 0.017 -35"><span class='ocrx_word' id='word_1_445' title='bbox 2020 1855 2347 1929; x_wconf 84' lang='lat' dir='ltr'><strong>Abbatibus,</strong></span> <span class='ocrx_word' id='word_1_446' title='bbox 2371 1863 2726 1937; x_wconf 82' lang='lat' dir='ltr'><strong>presbyteris,</strong></span> <span class='ocrx_word' id='word_1_447' title='bbox 2772 1871 3093 1945; x_wconf 85' lang='lat' dir='ltr'><strong>caterisque</strong></span> <span class='ocrx_word' id='word_1_448' title='bbox 3149 1877 3442 1947; x_wconf 88' lang='lat' dir='ltr'><strong>ministris,</strong></span> <span class='ocrx_word' id='word_1_449' title='bbox 3475 1878 3544 1937; x_wconf 89' lang='lat' dir='ltr'><strong>de</strong></span> 
     </span>
    </p>
   </div>
   <div class='ocr_carea' id='block_1_77' title="bbox 1866 1943 3539 2037">
    <p class='ocr_par' dir='ltr' id='par_1_77' title="bbox 1866 1943 3539 2037">
     <span class='ocr_line' id='line_1_80' title="bbox 1866 1943 3539 2037; baseline 0.017 -40"><span class='ocrx_word' id='word_1_450' title='bbox 1866 1948 1911 2009; x_wconf 87' lang='grc' dir='ltr'><strong>Β</strong></span> <span class='ocrx_word' id='word_1_451' title='bbox 1948 1943 2111 2001; x_wconf 90' lang='lat' dir='ltr'><strong>rebus</strong></span> <span class='ocrx_word' id='word_1_452' title='bbox 2150 1949 2553 2021; x_wconf 91' lang='lat' dir='ltr'><strong>ecclesiasticis,</strong></span> <span class='ocrx_word' id='word_1_453' title='bbox 2603 1956 2692 2011; x_wconf 89' lang='lat' dir='ltr'><strong>vel</strong></span> <span class='ocrx_word' id='word_1_454' title='bbox 2734 1974 2889 2015; x_wconf 89' lang='lat' dir='ltr'><strong>sacro</strong></span> <span class='ocrx_word' id='word_1_455' title='bbox 2936 1943 3248 2021; x_wconf 82' lang='lat' dir='ltr'><strong>ministerio</strong></span> <span class='ocrx_word' id='word_1_456' title='bbox 3297 1965 3539 2037; x_wconf 88' lang='lat' dir='ltr'><strong>traditis,</strong></span> 
     </span>
    </p>
   </div>
   <div class='ocr_carea' id='block_1_78' title="bbox 1950 2033 3541 2124">
    <p class='ocr_par' dir='ltr' id='par_1_78' title="bbox 1950 2033 3541 2124">
     <span class='ocr_line' id='line_1_81' title="bbox 1950 2033 3541 2124; baseline 0.016 -37"><span class='ocrx_word' id='word_1_457' title='bbox 1950 2033 2093 2089; x_wconf 90' lang='lat' dir='ltr'><strong>nihil</strong></span> <span class='ocrx_word' id='word_1_458' title='bbox 2116 2035 2355 2093; x_wconf 89' lang='lat' dir='ltr'><strong>alienare</strong></span> <span class='ocrx_word' id='word_1_459' title='bbox 2384 2040 2472 2095; x_wconf 90' lang='lat' dir='ltr'><strong>vel</strong></span> <span class='ocrx_word' id='word_1_460' title='bbox 2513 2041 2756 2115; x_wconf 85' lang='lat' dir='ltr'><strong>obligare</strong></span> <span class='ocrx_word' id='word_1_461' title='bbox 2811 2045 3015 2121; x_wconf 86' lang='lat' dir='ltr'><strong>absque</strong></span> <span class='ocrx_word' id='word_1_462' title='bbox 3069 2054 3437 2124; x_wconf 88' lang='lat' dir='ltr'><strong>permissione</strong></span> <span class='ocrx_word' id='word_1_463' title='bbox 3486 2033 3541 2113; x_wconf 77' lang='lat' dir='ltr'><strong>et</strong></span> 
     </span>
    </p>
   </div>
   <div class='ocr_carea' id='block_1_79' title="bbox 1948 2121 3544 2215">
    <p class='ocr_par' dir='ltr' id='par_1_79' title="bbox 1948 2121 3544 2215">
     <span class='ocr_line' id='line_1_82' title="bbox 1948 2121 3544 2215; baseline 0.016 -38"><span class='ocrx_word' id='word_1_464' title='bbox 1948 2121 2351 2197; x_wconf 87' lang='lat' dir='ltr'><strong>subscriptione</strong></span> <span class='ocrx_word' id='word_1_465' title='bbox 2380 2128 2620 2202; x_wconf 89' lang='lat' dir='ltr'><strong>episcopi</strong></span> <span class='ocrx_word' id='word_1_466' title='bbox 2667 2133 2753 2188; x_wconf 91' lang='lat' dir='ltr'><strong>sui</strong></span> <span class='ocrx_word' id='word_1_467' title='bbox 2783 2134 2964 2192; x_wconf 90' lang='lat' dir='ltr'><strong>liceat.</strong></span> <span class='ocrx_word' id='word_1_468' title='bbox 2996 2121 3156 2206; x_wconf 76' lang='lat' dir='ltr'><strong>Quod</strong></span> <span class='ocrx_word' id='word_1_469' title='bbox 3204 2142 3252 2198; x_wconf 91' lang='lat' dir='ltr'><strong>si</strong></span> <span class='ocrx_word' id='word_1_470' title='bbox 3284 2160 3544 2215; x_wconf 72' lang='lat' dir='ltr'><strong>praesum-</strong></span> 
     </span>
    </p>
   </div>
   <div class='ocr_carea' id='block_1_80' title="bbox 1947 2213 3543 2307">
    <p class='ocr_par' dir='ltr' id='par_1_80' title="bbox 1947 2213 3543 2307">
     <span class='ocr_line' id='line_1_83' title="bbox 1947 2213 3543 2307; baseline 0.018 -43"><span class='ocrx_word' id='word_1_471' title='bbox 1947 2213 2177 2282; x_wconf 88' lang='lat' dir='ltr'><strong>pserint,</strong></span> <span class='ocrx_word' id='word_1_472' title='bbox 2207 2214 2576 2286; x_wconf 79' lang='lat' dir='ltr'><strong>degradetrtur</strong></span> <span class='ocrx_word' id='word_1_473' title='bbox 2603 2225 2994 2282; x_wconf 89' lang='lat' dir='ltr'><strong>communione</strong></span> <span class='ocrx_word' id='word_1_474' title='bbox 3014 2245 3293 2299; x_wconf 89' lang='lat' dir='ltr'><strong>concessa,</strong></span> <span class='ocrx_word' id='word_1_475' title='bbox 3313 2241 3367 2288; x_wconf 92' lang='lat' dir='ltr'><strong>et</strong></span> <span class='ocrx_word' id='word_1_476' title='bbox 3395 2234 3543 2307; x_wconf 90' lang='lat' dir='ltr'><strong>quod</strong></span> 
     </span>
    </p>
   </div>
   <div class='ocr_carea' id='block_1_81' title="bbox 1945 2308 3535 2385">
    <p class='ocr_par' dir='ltr' id='par_1_81' title="bbox 1945 2308 3535 2385">
     <span class='ocr_line' id='line_1_84' title="bbox 1945 2308 3535 2385; baseline 0.013 -28"><span class='ocrx_word' id='word_1_477' title='bbox 1945 2308 2148 2358; x_wconf 90' lang='lat' dir='ltr'><strong>temere</strong></span> <span class='ocrx_word' id='word_1_478' title='bbox 2176 2314 2570 2377; x_wconf 84' lang='lat' dir='ltr'><strong>prasumptum</strong></span> <span class='ocrx_word' id='word_1_479' title='bbox 2596 2310 2682 2365; x_wconf 90' lang='lat' dir='ltr'><strong>vel</strong></span> <span class='ocrx_word' id='word_1_480' title='bbox 2708 2311 3007 2371; x_wconf 88' lang='lat' dir='ltr'><strong>alienatum</strong></span> <span class='ocrx_word' id='word_1_481' title='bbox 3027 2326 3127 2385; x_wconf 89' lang='lat' dir='ltr'><strong>est,</strong></span> <span class='ocrx_word' id='word_1_482' title='bbox 3167 2320 3535 2379; x_wconf 88' lang='lat' dir='ltr'><strong>ordinatione</strong></span> 
     </span>
    </p>
   </div>
   <div class='ocr_carea' id='block_1_82' title="bbox 1944 2390 2523 2463">
    <p class='ocr_par' dir='ltr' id='par_1_82' title="bbox 1944 2390 2523 2463">
     <span class='ocr_line' id='line_1_85' title="bbox 1944 2390 2523 2463; baseline 0.01 -17"><span class='ocrx_word' id='word_1_483' title='bbox 1944 2390 2185 2463; x_wconf 86' lang='lat' dir='ltr'><strong>episcopi</strong></span> <span class='ocrx_word' id='word_1_484' title='bbox 2215 2401 2523 2452; x_wconf 89' lang='lat' dir='ltr'><strong>revocetur.</strong></span> 
     </span>
    </p>
   </div>
   <div class='ocr_carea' id='block_1_83' title="bbox 2430 2546 3039 2614">
    <p class='ocr_par' dir='ltr' id='par_1_83' title="bbox 2430 2546 3039 2614">
     <span class='ocr_line' id='line_1_86' title="bbox 2430 2546 3039 2614; baseline 0.021 -13"><span class='ocrx_word' id='word_1_485' title='bbox 2430 2546 2820 2608; x_wconf 85' lang='lat' dir='ltr'><strong>TITULUS</strong></span> <span class='ocrx_word' id='word_1_486' title='bbox 2886 2552 3039 2614; x_wconf 83' lang='lat' dir='ltr'>VII.</span> 
     </span>
    </p>
   </div>
   <div class='ocr_carea' id='block_1_84' title="bbox 2522 2655 2948 2704">
    <p class='ocr_par' dir='ltr' id='par_1_84' title="bbox 2522 2655 2948 2704">
     <span class='ocr_line' id='line_1_87' title="bbox 2522 2655 2948 2704; baseline 0.023 -11"><span class='ocrx_word' id='word_1_487' title='bbox 2522 2655 2592 2695; x_wconf 79' lang='lat' dir='ltr'><strong>DE</strong></span> <span class='ocrx_word' id='word_1_488' title='bbox 2619 2657 2948 2704; x_wconf 76' lang='lat' dir='ltr'><strong>SACRILECIS.</strong></span> 
     </span>
    </p>
   </div>
   <div class='ocr_carea' id='block_1_85' title="bbox 1940 2740 3539 2832">
    <p class='ocr_par' dir='ltr' id='par_1_85' title="bbox 1940 2740 3539 2832">
     <span class='ocr_line' id='line_1_88' title="bbox 1940 2740 3539 2832; baseline 0.014 -33"><span class='ocrx_word' id='word_1_489' title='bbox 1940 2740 2072 2799; x_wconf 83' lang='lat' dir='ltr'><strong>CAP.</strong></span> <span class='ocrx_word' id='word_1_490' title='bbox 2110 2742 2155 2799; x_wconf 90' lang='lat' dir='ltr'><strong>I.</strong></span> <span class='ocrx_word' id='word_1_491' title='bbox 2189 2744 2345 2832; x_wconf 41' lang='lat' dir='ltr'><strong>Quod.</strong></span> <span class='ocrx_word' id='word_1_492' title='bbox 2368 2748 2648 2832; x_wconf 41' lang='lat' dir='ltr'><strong>praedones.</strong></span> <span class='ocrx_word' id='word_1_493' title='bbox 2698 2754 2919 2832; x_wconf 70' lang='lat' dir='ltr'><strong>ecclesia</strong></span> <span class='ocrx_word' id='word_1_494' title='bbox 2959 2756 3207 2832; x_wconf 73' lang='lat' dir='ltr'><strong>sacrilegi</strong></span> <span class='ocrx_word' id='word_1_495' title='bbox 3233 2760 3360 2832; x_wconf 85' lang='lat' dir='ltr'><strong>sint,</strong></span> <span class='ocrx_word' id='word_1_496' title='bbox 3402 2763 3539 2821; x_wconf 77' lang='lat' dir='ltr'><strong>sicut</strong></span> 
     </span>
    </p>
   </div>
   <div class='ocr_carea' id='block_1_86' title="bbox 2226 2816 3248 2898">
    <p class='ocr_par' dir='ltr' id='par_1_86' title="bbox 2226 2816 3248 2898">
     <span class='ocr_line' id='line_1_89' title="bbox 2226 2816 3248 2898; baseline 0.016 -26"><span class='ocrx_word' id='word_1_497' title='bbox 2226 2816 2515 2889; x_wconf 78' lang='lat' dir='ltr'><strong>Scriptura</strong></span> <span class='ocrx_word' id='word_1_498' title='bbox 2536 2822 2824 2879; x_wconf 83' lang='lat' dir='ltr'><strong>testimonio</strong></span> <span class='ocrx_word' id='word_1_499' title='bbox 2852 2816 3248 2898; x_wconf 63' lang='lat' dir='ltr'><strong>comprobatur.</strong></span> 
     </span>
    </p>
   </div>
   <div class='ocr_carea' id='block_1_87' title="bbox 2370 2907 3103 2988">
    <p class='ocr_par' dir='ltr' id='par_1_87' title="bbox 2370 2907 3103 2988">
     <span class='ocr_line' id='line_1_90' title="bbox 2370 2907 3103 2988; baseline 0.02 -27"><span class='ocrx_word' id='word_1_500' title='bbox 2370 2908 2458 2963; x_wconf 90' lang='lat' dir='ltr'><strong>Ex</strong></span> <span class='ocrx_word' id='word_1_501' title='bbox 2497 2907 2641 2967; x_wconf 89' lang='lat' dir='ltr'><strong>libro</strong></span> <span class='ocrx_word' id='word_1_502' title='bbox 2687 2931 2765 2981; x_wconf 80' lang='lat' dir='ltr'><strong>vr,</strong></span> <span class='ocrx_word' id='word_1_503' title='bbox 2825 2932 2942 2988; x_wconf 87' lang='lat' dir='ltr'><strong>cap.</strong></span> <span class='ocrx_word' id='word_1_504' title='bbox 2976 2918 3103 2975; x_wconf 89' lang='lat'><strong>385.</strong></span> 
     </span>
    </p>
   </div>
   <div class='ocr_carea' id='block_1_88' title="bbox 2012 3000 3534 3091">
    <p class='ocr_par' dir='ltr' id='par_1_88' title="bbox 2012 3000 3534 3091">
     <span class='ocr_line' id='line_1_91' title="bbox 2012 3000 3534 3091; baseline 0.018 -35"><span class='ocrx_word' id='word_1_505' title='bbox 2012 3000 2153 3073; x_wconf 89' lang='lat' dir='ltr'><strong>(Lib.</strong></span> <span class='ocrx_word' id='word_1_506' title='bbox 2190 3021 2245 3058; x_wconf 81' lang='lat' dir='ltr'><strong>v1</strong></span> <span class='ocrx_word' id='word_1_507' title='bbox 2281 3005 2605 3076; x_wconf 84' lang='lat' dir='ltr'><strong>Capitular.,</strong></span> <span class='ocrx_word' id='word_1_508' title='bbox 2638 3026 2758 3082; x_wconf 87' lang='lat' dir='ltr'><strong>cap.</strong></span> <span class='ocrx_word' id='word_1_509' title='bbox 2790 3012 2944 3086; x_wconf 84' lang='lat'><strong>295.)</strong></span> <span class='ocrx_word' id='word_1_510' title='bbox 2977 3015 3240 3091; x_wconf 84' lang='lat' dir='ltr'><strong>Sacrilegi</strong></span> <span class='ocrx_word' id='word_1_511' title='bbox 3271 3032 3402 3079; x_wconf 90' lang='lat' dir='ltr'><strong>sunt</strong></span> <span class='ocrx_word' id='word_1_512' title='bbox 3450 3042 3534 3084; x_wconf 84' lang='lat' dir='ltr'><strong>ec-</strong></span> 
     </span>
    </p>
   </div>
   <div class='ocr_carea' id='block_1_89' title="bbox 1939 3089 3534 3178">
    <p class='ocr_par' dir='ltr' id='par_1_89' title="bbox 1939 3089 3534 3178">
     <span class='ocr_line' id='line_1_92' title="bbox 1939 3089 3534 3178; baseline 0.015 -33"><span class='ocrx_word' id='word_1_513' title='bbox 1939 3089 2120 3146; x_wconf 87' lang='lat' dir='ltr'><strong>clesia</strong></span> <span class='ocrx_word' id='word_1_514' title='bbox 2150 3092 2449 3163; x_wconf 85' lang='lat' dir='ltr'><strong>pradones.</strong></span> <span class='ocrx_word' id='word_1_515' title='bbox 2482 3096 2636 3153; x_wconf 91' lang='lat' dir='ltr'><strong>Unde</strong></span> <span class='ocrx_word' id='word_1_516' title='bbox 2662 3106 2715 3153; x_wconf 93' lang='lat' dir='ltr'><strong>et</strong></span> <span class='ocrx_word' id='word_1_517' title='bbox 2743 3098 2801 3153; x_wconf 91' lang='lat' dir='ltr'><strong>in</strong></span> <span class='ocrx_word' id='word_1_518' title='bbox 2827 3103 3070 3159; x_wconf 89' lang='lat' dir='ltr'><strong>concilio</strong></span> <span class='ocrx_word' id='word_1_519' title='bbox 3097 3089 3401 3178; x_wconf 81' lang='lat' dir='ltr'><strong>Agathensi</strong></span> <span class='ocrx_word' id='word_1_520' title='bbox 3432 3115 3534 3169; x_wconf 87' lang='lat' dir='ltr'><strong>sub</strong></span> 
     </span>
    </p>
   </div>
   <div class='ocr_carea' id='block_1_90' title="bbox 1941 3182 3530 3272">
    <p class='ocr_par' dir='ltr' id='par_1_90' title="bbox 1941 3182 3530 3272">
     <span class='ocr_line' id='line_1_93' title="bbox 1941 3182 3530 3272; baseline 0.014 -37"><span class='ocrx_word' id='word_1_521' title='bbox 1941 3188 2136 3252; x_wconf 89' lang='lat' dir='ltr'><strong>quarto</strong></span> <span class='ocrx_word' id='word_1_522' title='bbox 2157 3182 2400 3253; x_wconf 88' lang='lat' dir='ltr'><strong>capitulo</strong></span> <span class='ocrx_word' id='word_1_523' title='bbox 2420 3184 2699 3241; x_wconf 90' lang='lat' dir='ltr'><strong>decretum</strong></span> <span class='ocrx_word' id='word_1_524' title='bbox 2731 3187 2964 3245; x_wconf 90' lang='lat' dir='ltr'><strong>habetur</strong></span> <span class='ocrx_word' id='word_1_525' title='bbox 2991 3191 3070 3247; x_wconf 89' lang='lat' dir='ltr'><strong>ita</strong></span> <span class='ocrx_word' id='word_1_526' title='bbox 3094 3212 3106 3248; x_wconf 91' lang='lat'><em>:</em></span> <span class='ocrx_word' id='word_1_527' title='bbox 3146 3197 3344 3254; x_wconf 85' lang='lat' dir='ltr'><strong>Amico</strong></span> <span class='ocrx_word' id='word_1_528' title='bbox 3373 3201 3530 3272; x_wconf 89' lang='lat' dir='ltr'><strong>quid-</strong></span> 
     </span>
    </p>
   </div>
   <div class='ocr_carea' id='block_1_91' title="bbox 1856 3268 3530 3368">
    <p class='ocr_par' dir='ltr' id='par_1_91' title="bbox 1856 3268 3530 3368">
     <span class='ocr_line' id='line_1_94' title="bbox 1856 3268 3530 3368; baseline 0.015 -47"><span class='ocrx_word' id='word_1_529' title='bbox 1856 3307 1900 3368; x_wconf 74' lang='lat' dir='ltr'>C</span> <span class='ocrx_word' id='word_1_530' title='bbox 1938 3268 2084 3340; x_wconf 89' lang='lat' dir='ltr'><strong>piam</strong></span> <span class='ocrx_word' id='word_1_531' title='bbox 2114 3286 2301 3342; x_wconf 91' lang='lat' dir='ltr'><strong>rapere</strong></span> <span class='ocrx_word' id='word_1_532' title='bbox 2331 3271 2539 3327; x_wconf 89' lang='lat' dir='ltr'><strong>furtum</strong></span> <span class='ocrx_word' id='word_1_533' title='bbox 2571 3280 2670 3343; x_wconf 86' lang='lat' dir='ltr'><strong>est,</strong></span> <span class='ocrx_word' id='word_1_534' title='bbox 2704 3277 2947 3336; x_wconf 83' lang='lat' dir='ltr'><strong>ecclesia</strong></span> <span class='ocrx_word' id='word_1_535' title='bbox 2977 3296 3105 3338; x_wconf 89' lang='lat' dir='ltr'><strong>vero</strong></span> <span class='ocrx_word' id='word_1_536' title='bbox 3135 3283 3409 3356; x_wconf 90' lang='lat' dir='ltr'><strong>fraudari,</strong></span> <span class='ocrx_word' id='word_1_537' title='bbox 3441 3291 3530 3347; x_wconf 88' lang='lat' dir='ltr'><strong>vel</strong></span> 
     </span>
    </p>
   </div>
   <div class='ocr_carea' id='block_1_92' title="bbox 1933 3360 3530 3440">
    <p class='ocr_par' dir='ltr' id='par_1_92' title="bbox 1933 3360 3530 3440">
     <span class='ocr_line' id='line_1_95' title="bbox 1933 3360 3530 3440; baseline 0.013 -24"><span class='ocrx_word' id='word_1_538' title='bbox 1933 3360 2196 3431; x_wconf 84' lang='lat' dir='ltr'><strong>abstrahi,</strong></span> <span class='ocrx_word' id='word_1_539' title='bbox 2231 3362 2571 3437; x_wconf 87' lang='lat' dir='ltr'><strong>subripique,</strong></span> <span class='ocrx_word' id='word_1_540' title='bbox 2600 3367 3186 3440; x_wconf 87' lang='lat' dir='ltr'><strong>sacrilegium.0mnes</strong></span> <span class='ocrx_word' id='word_1_541' title='bbox 3216 3378 3364 3434; x_wconf 89' lang='lat' dir='ltr'><strong>enim</strong></span> <span class='ocrx_word' id='word_1_542' title='bbox 3384 3396 3530 3437; x_wconf 90' lang='lat' dir='ltr'><strong>con-</strong></span> 
     </span>
    </p>
   </div>
   <div class='ocr_carea' id='block_1_93' title="bbox 1934 3450 3527 3536">
    <p class='ocr_par' dir='ltr' id='par_1_93' title="bbox 1934 3450 3527 3536">
     <span class='ocr_line' id='line_1_96' title="bbox 1934 3450 3527 3536; baseline 0.013 -32"><span class='ocrx_word' id='word_1_543' title='bbox 1934 3457 2021 3505; x_wconf 86' lang='lat' dir='ltr'><strong>tra</strong></span> <span class='ocrx_word' id='word_1_544' title='bbox 2055 3450 2226 3523; x_wconf 90' lang='lat' dir='ltr'><strong>legem</strong></span> <span class='ocrx_word' id='word_1_545' title='bbox 2258 3451 2543 3520; x_wconf 86' lang='lat' dir='ltr'><strong>facientes,</strong></span> <span class='ocrx_word' id='word_1_546' title='bbox 2577 3471 2771 3528; x_wconf 88' lang='lat' dir='ltr'><strong>resque</strong></span> <span class='ocrx_word' id='word_1_547' title='bbox 2791 3458 3034 3516; x_wconf 84' lang='lat' dir='ltr'><strong>ecclesia</strong></span> <span class='ocrx_word' id='word_1_548' title='bbox 3060 3462 3407 3536; x_wconf 87' lang='lat' dir='ltr'><strong>diripientes,</strong></span> <span class='ocrx_word' id='word_1_549' title='bbox 3440 3472 3527 3526; x_wconf 90' lang='lat' dir='ltr'><strong>vel</strong></span> 
     </span>
    </p>
   </div>
   <div class='ocr_carea' id='block_1_94' title="bbox 1932 3540 3528 3618">
    <p class='ocr_par' dir='ltr' id='par_1_94' title="bbox 1932 3540 3528 3618">
     <span class='ocr_line' id='line_1_97' title="bbox 1932 3540 3528 3618; baseline 0.013 -23"><span class='ocrx_word' id='word_1_550' title='bbox 1932 3540 2189 3597; x_wconf 87' lang='lat' dir='ltr'><strong>ecclesias</strong></span> <span class='ocrx_word' id='word_1_551' title='bbox 2234 3541 2653 3616; x_wconf 86' lang='lat' dir='ltr'><strong>sacerdotesque</strong></span> <span class='ocrx_word' id='word_1_552' title='bbox 2707 3555 2897 3603; x_wconf 87' lang='lat' dir='ltr'><strong>contra</strong></span> <span class='ocrx_word' id='word_1_553' title='bbox 2944 3549 3164 3618; x_wconf 88' lang='lat' dir='ltr'><strong>div,nas</strong></span> <span class='ocrx_word' id='word_1_554' title='bbox 3216 3556 3528 3615; x_wconf 87' lang='lat' dir='ltr'><strong>sanctiones</strong></span> 
     </span>
    </p>
   </div>
   <div class='ocr_carea' id='block_1_95' title="bbox 1930 3632 3525 3710">
    <p class='ocr_par' dir='ltr' id='par_1_95' title="bbox 1930 3632 3525 3710">
     <span class='ocr_line' id='line_1_98' title="bbox 1930 3632 3525 3710; baseline 0.013 -27"><span class='ocrx_word' id='word_1_555' title='bbox 1930 3636 2213 3698; x_wconf 87' lang='lat' dir='ltr'><strong>vexantes,</strong></span> <span class='ocrx_word' id='word_1_556' title='bbox 2232 3632 2481 3705; x_wconf 87' lang='lat' dir='ltr'><strong>sacrilegi</strong></span> <span class='ocrx_word' id='word_1_557' title='bbox 2504 3643 2794 3702; x_wconf 82' lang='lat' dir='ltr'><strong>vocantur,</strong></span> <span class='ocrx_word' id='word_1_558' title='bbox 2825 3643 2987 3710; x_wconf 88' lang='lat' dir='ltr'><strong>atque</strong></span> <span class='ocrx_word' id='word_1_559' title='bbox 3021 3640 3401 3702; x_wconf 86' lang='lat' dir='ltr'><strong>indubitanter</strong></span> <span class='ocrx_word' id='word_1_560' title='bbox 3440 3647 3525 3703; x_wconf 82' lang='lat' dir='ltr'><strong>in-</strong></span> 
     </span>
    </p>
   </div>
   <div class='ocr_carea' id='block_1_96' title="bbox 1929 3716 2920 3794">
    <p class='ocr_par' dir='ltr' id='par_1_96' title="bbox 1929 3716 2920 3794">
     <span class='ocr_line' id='line_1_99' title="bbox 1929 3716 2920 3794; baseline 0.008 -21"><span class='ocrx_word' id='word_1_561' title='bbox 1929 3716 2100 3775; x_wconf 82' lang='lat' dir='ltr'><strong>fames</strong></span> <span class='ocrx_word' id='word_1_562' title='bbox 2122 3719 2478 3794; x_wconf 86' lang='lat' dir='ltr'><strong>sacrilegique</strong></span> <span class='ocrx_word' id='word_1_563' title='bbox 2507 3721 2745 3779; x_wconf 87' lang='lat' dir='ltr'><strong>habendi</strong></span> <span class='ocrx_word' id='word_1_564' title='bbox 2773 3732 2920 3782; x_wconf 89' lang='lat' dir='ltr'><strong>sunt.</strong></span> 
     </span>
    </p>
   </div>
   <div class='ocr_carea' id='block_1_97' title="bbox 1929 3828 3524 3918">
    <p class='ocr_par' dir='ltr' id='par_1_97' title="bbox 1929 3828 3524 3918">
     <span class='ocr_line' id='line_1_100' title="bbox 1929 3828 3524 3918; baseline 0.012 -32"><span class='ocrx_word' id='word_1_565' title='bbox 1929 3828 2060 3886; x_wconf 85' lang='lat' dir='ltr'><strong>CAP.</strong></span> <span class='ocrx_word' id='word_1_566' title='bbox 2095 3830 2162 3885; x_wconf 94' lang='lat' dir='ltr'>II.</span> <span class='ocrx_word' id='word_1_567' title='bbox 2195 3830 2347 3898; x_wconf 79' lang='lat' dir='ltr'><strong>Quod</strong></span> <span class='ocrx_word' id='word_1_568' title='bbox 2374 3847 2436 3886; x_wconf 86' lang='lat' dir='ltr'><strong>ea</strong></span> <span class='ocrx_word' id='word_1_569' title='bbox 2460 3848 2580 3918; x_wconf 68' lang='lat' dir='ltr'><strong>qua</strong></span> <span class='ocrx_word' id='word_1_570' title='bbox 2620 3835 2850 3918; x_wconf 66' lang='lat' dir='ltr'><strong>pomino</strong></span> <span class='ocrx_word' id='word_1_571' title='bbox 2884 3849 3257 3918; x_wconf 78' lang='lat' dir='ltr'><strong>consecrantur</strong></span> <span class='ocrx_word' id='word_1_572' title='bbox 3310 3848 3382 3903; x_wconf 90' lang='lat' dir='ltr'><strong>ad</strong></span> <span class='ocrx_word' id='word_1_573' title='bbox 3424 3848 3524 3918; x_wconf 82' lang='lat' dir='ltr'><strong>jus</strong></span> 
     </span>
    </p>
   </div>
   <div class='ocr_carea' id='block_1_98' title="bbox 2371 3905 3068 3979">
    <p class='ocr_par' dir='ltr' id='par_1_98' title="bbox 2371 3905 3068 3979">
     <span class='ocr_line' id='line_1_101' title="bbox 2371 3905 3068 3979; baseline 0.016 -22"><span class='ocrx_word' id='word_1_574' title='bbox 2371 3905 2770 3961; x_wconf 84' lang='lat' dir='ltr'><strong>ecclesiasticum</strong></span> <span class='ocrx_word' id='word_1_575' title='bbox 2786 3910 3068 3979; x_wconf 86' lang='lat' dir='ltr'><strong>pertinent.</strong></span> 
     </span>
    </p>
   </div>
   <div class='ocr_carea' id='block_1_99' title="bbox 2389 3995 3036 4073">
    <p class='ocr_par' dir='ltr' id='par_1_99' title="bbox 2389 3995 3036 4073">
     <span class='ocr_line' id='line_1_102' title="bbox 2389 3995 3036 4073; baseline 0.017 -24"><span class='ocrx_word' id='word_1_576' title='bbox 2389 3995 2476 4050; x_wconf 88' lang='lat' dir='ltr'><strong>Ex</strong></span> <span class='ocrx_word' id='word_1_577' title='bbox 2505 3996 2718 4054; x_wconf 91' lang='lat' dir='ltr'><strong>eodem.</strong></span> <span class='ocrx_word' id='word_1_578' title='bbox 2752 4016 2869 4073; x_wconf 88' lang='lat' dir='ltr'><strong>cap.</strong></span> <span class='ocrx_word' id='word_1_579' title='bbox 2912 4000 3036 4060; x_wconf 90' lang='lat'><strong>386.</strong></span> 
     </span>
    </p>
   </div>
   <div class='ocr_carea' id='block_1_100' title="bbox 2001 4089 3521 4169">
    <p class='ocr_par' dir='ltr' id='par_1_100' title="bbox 2001 4089 3521 4169">
     <span class='ocr_line' id='line_1_103' title="bbox 2001 4089 3521 4169; baseline 0.017 -26"><span class='ocrx_word' id='word_1_580' title='bbox 2001 4090 2103 4161; x_wconf 85' lang='lat' dir='ltr'><strong>(vr,</strong></span> <span class='ocrx_word' id='word_1_581' title='bbox 2134 4089 2287 4160; x_wconf 91' lang='lat'><strong>296.)</strong></span> <span class='ocrx_word' id='word_1_582' title='bbox 2338 4092 2418 4146; x_wconf 88' lang='lat' dir='ltr'><strong>Ea</strong></span> <span class='ocrx_word' id='word_1_583' title='bbox 2448 4109 2566 4165; x_wconf 85' lang='lat' dir='ltr'><strong>qua</strong></span> <span class='ocrx_word' id='word_1_584' title='bbox 2596 4097 2833 4154; x_wconf 90' lang='lat' dir='ltr'><strong>Domino</strong></span> <span class='ocrx_word' id='word_1_585' title='bbox 2877 4101 3184 4160; x_wconf 80' lang='lat' dir='ltr'><strong>offeruntur</strong></span> <span class='ocrx_word' id='word_1_586' title='bbox 3212 4108 3298 4163; x_wconf 90' lang='lat' dir='ltr'><strong>vel</strong></span> <span class='ocrx_word' id='word_1_587' title='bbox 3330 4125 3521 4169; x_wconf 85' lang='lat' dir='ltr'><strong>conse-</strong></span> 
     </span>
    </p>
   </div>
   <div class='ocr_carea' id='block_1_101' title="bbox 1925 4178 3514 4274">
    <p class='ocr_par' dir='ltr' id='par_1_101' title="bbox 1925 4178 3514 4274">
     <span class='ocr_line' id='line_1_104' title="bbox 1925 4178 3514 4274; baseline 0.016 -42"><span class='ocrx_word' id='word_1_588' title='bbox 1925 4186 2149 4234; x_wconf 89' lang='lat' dir='ltr'><strong>crantur</strong></span> <span class='ocrx_word' id='word_1_589' title='bbox 2179 4179 2246 4235; x_wconf 89' lang='lat' dir='ltr'><strong>ad</strong></span> <span class='ocrx_word' id='word_1_590' title='bbox 2288 4178 2380 4250; x_wconf 90' lang='lat' dir='ltr'><strong>jus</strong></span> <span class='ocrx_word' id='word_1_591' title='bbox 2428 4182 2705 4252; x_wconf 89' lang='lat' dir='ltr'><strong>pertinent</strong></span> <span class='ocrx_word' id='word_1_592' title='bbox 2734 4190 3099 4259; x_wconf 88' lang='lat' dir='ltr'><strong>sacerdotum,</strong></span> <span class='ocrx_word' id='word_1_593' title='bbox 3149 4203 3203 4250; x_wconf 91' lang='lat' dir='ltr'><strong>et</strong></span> <span class='ocrx_word' id='word_1_594' title='bbox 3259 4200 3514 4274; x_wconf 85' lang='lat' dir='ltr'><strong>sacrilegi</strong></span> 
     </span>
    </p>
   </div>
   <div class='ocr_carea' id='block_1_102' title="bbox 1923 4270 3508 4345">
    <p class='ocr_par' dir='ltr' id='par_1_102' title="bbox 1923 4270 3508 4345">
     <span class='ocr_line' id='line_1_105' title="bbox 1923 4270 3508 4345; baseline 0.013 -20"><span class='ocrx_word' id='word_1_595' title='bbox 1923 4276 2053 4325; x_wconf 90' lang='lat' dir='ltr'><strong>sunt</strong></span> <span class='ocrx_word' id='word_1_596' title='bbox 2069 4283 2258 4327; x_wconf 87' lang='lat' dir='ltr'><strong>omnes</strong></span> <span class='ocrx_word' id='word_1_597' title='bbox 2296 4270 2392 4342; x_wconf 89' lang='lat' dir='ltr'><strong>qui</strong></span> <span class='ocrx_word' id='word_1_598' title='bbox 2430 4286 2493 4325; x_wconf 90' lang='lat' dir='ltr'><strong>ea</strong></span> <span class='ocrx_word' id='word_1_599' title='bbox 2537 4271 2814 4343; x_wconf 83' lang='lat' dir='ltr'><strong>auferunt,</strong></span> <span class='ocrx_word' id='word_1_600' title='bbox 2851 4277 2937 4331; x_wconf 89' lang='lat' dir='ltr'><strong>vel</strong></span> <span class='ocrx_word' id='word_1_601' title='bbox 2985 4278 3043 4333; x_wconf 90' lang='lat' dir='ltr'><strong>in</strong></span> <span class='ocrx_word' id='word_1_602' title='bbox 3072 4282 3225 4337; x_wconf 86' lang='lat' dir='ltr'><strong>aliud</strong></span> <span class='ocrx_word' id='word_1_603' title='bbox 3271 4270 3508 4345; x_wconf 77' lang='lat' dir='ltr'><strong>transfe-</strong></span> 
     </span>
    </p>
   </div>
   <div class='ocr_carea' id='block_1_103' title="bbox 1922 4364 2069 4414">
    <p class='ocr_par' dir='ltr' id='par_1_103' title="bbox 1922 4364 2069 4414">
     <span class='ocr_line' id='line_1_106' title="bbox 1922 4364 2069 4414; baseline 0.014 -2"><span class='ocrx_word' id='word_1_604' title='bbox 1922 4364 2069 4414; x_wconf 90' lang='lat' dir='ltr'><strong>runt.</strong></span> 
     </span>
    </p>
   </div>
   <div class='ocr_carea' id='block_1_104' title="bbox 1920 4465 3507 4554">
    <p class='ocr_par' dir='ltr' id='par_1_104' title="bbox 1920 4465 3507 4554">
     <span class='ocr_line' id='line_1_107' title="bbox 1920 4465 3507 4554; baseline 0.012 -31"><span class='ocrx_word' id='word_1_605' title='bbox 1920 4465 2050 4525; x_wconf 89' lang='lat' dir='ltr'><strong>CAP.</strong></span> <span class='ocrx_word' id='word_1_606' title='bbox 2077 4482 2158 4522; x_wconf 85' lang='lat' dir='ltr'>III.</span> <span class='ocrx_word' id='word_1_607' title='bbox 2198 4465 2261 4554; x_wconf 71' lang='lat' dir='ltr'><strong>Ut</strong></span> <span class='ocrx_word' id='word_1_608' title='bbox 2282 4465 2329 4521; x_wconf 90' lang='lat' dir='ltr'><strong>si</strong></span> <span class='ocrx_word' id='word_1_609' title='bbox 2378 4466 2496 4548; x_wconf 75' lang='lat' dir='ltr'><strong>quis</strong></span> <span class='ocrx_word' id='word_1_610' title='bbox 2540 4466 2845 4554; x_wconf 69' lang='lat' dir='ltr'><strong>dignitatem</strong></span> <span class='ocrx_word' id='word_1_611' title='bbox 2888 4479 3307 4554; x_wconf 73' lang='lat' dir='ltr'><strong>prasztmpserit,</strong></span> <span class='ocrx_word' id='word_1_612' title='bbox 3338 4499 3507 4554; x_wconf 86' lang='lat' dir='ltr'><strong>quam</strong></span> 
     </span>
    </p>
   </div>
   <div class='ocr_carea' id='block_1_105' title="bbox 1917 4539 3505 4629">
    <p class='ocr_par' dir='ltr' id='par_1_105' title="bbox 1917 4539 3505 4629">
     <span class='ocr_line' id='line_1_108' title="bbox 1917 4539 3505 4629; baseline 0.014 -37"><span class='ocrx_word' id='word_1_613' title='bbox 1917 4553 2025 4592; x_wconf 84' lang='lat' dir='ltr'><strong>non</strong></span> <span class='ocrx_word' id='word_1_614' title='bbox 2057 4539 2266 4607; x_wconf 85' lang='lat' dir='ltr'><strong>meruit,</strong></span> <span class='ocrx_word' id='word_1_615' title='bbox 2324 4556 2359 4594; x_wconf 90' lang='lat' dir='ltr'><strong>a</strong></span> <span class='ocrx_word' id='word_1_616' title='bbox 2397 4539 2637 4611; x_wconf 83' lang='lat' dir='ltr'><strong>principe</strong></span> <span class='ocrx_word' id='word_1_617' title='bbox 2684 4544 2763 4598; x_wconf 82' lang='lat' dir='ltr'><strong>vel</strong></span> <span class='ocrx_word' id='word_1_618' title='bbox 2808 4539 2955 4613; x_wconf 73' lang='lat' dir='ltr'><strong>justo</strong></span> <span class='ocrx_word' id='word_1_619' title='bbox 2984 4539 3185 4605; x_wconf 59' lang='lat' dir='ltr'><strong>seniore</strong></span> <span class='ocrx_word' id='word_1_620' title='bbox 3214 4539 3505 4629; x_wconf 61' lang='lat' dir='ltr'><strong>sacrilegus</strong></span> 
     </span>
     <span class='ocr_line' id='line_1_109' title="bbox 1923 4608 2171 4629; baseline 0 0"><span class='ocrx_word' id='word_1_621' title='bbox 1923 4608 1945 4629; x_wconf 77' lang='grc'>1.</span> <span class='ocrx_word' id='word_1_622' title='bbox 1966 4609 2017 4629; x_wconf 47' lang='grc' dir='ltr'><strong>ΑΙ.</strong></span> <span class='ocrx_word' id='word_1_623' title='bbox 2033 4615 2171 4629; x_wconf 39' lang='grc' dir='ltr'><strong>--Δ-.ν-</strong></span> 
     </span>
    </p>
   </div>
   <div class='ocr_carea' id='block_1_106' title="bbox 1917 4608 2191 4665">
    <p class='ocr_par' dir='ltr' id='par_1_106' title="bbox 1917 4608 2191 4665">
     <span class='ocr_line' id='line_1_110' title="bbox 1917 4608 2191 4665; baseline 0.004 -1"><span class='ocrx_word' id='word_1_624' title='bbox 1917 4608 2191 4665; x_wconf 80' lang='lat' dir='ltr'><strong>habeatur.</strong></span> 
     </span>
    </p>
   </div>
   <div class='ocr_carea' id='block_1_107' title="bbox 2307 4676 3135 4779">
    <p class='ocr_par' dir='ltr' id='par_1_107' title="bbox 2307 4676 3135 4779">
     <span class='ocr_line' id='line_1_111' title="bbox 2307 4676 3135 4779; baseline 0.021 -27"><span class='ocrx_word' id='word_1_625' title='bbox 2307 4697 2396 4753; x_wconf 92' lang='lat' dir='ltr'><strong>Ex</strong></span> <span class='ocrx_word' id='word_1_626' title='bbox 2424 4676 2635 4755; x_wconf 91' lang='lat' dir='ltr'><strong>eodem.</strong></span> <span class='ocrx_word' id='word_1_627' title='bbox 2667 4701 2832 4771; x_wconf 92' lang='lat' dir='ltr'><strong>libro,</strong></span> <span class='ocrx_word' id='word_1_628' title='bbox 2857 4720 2977 4779; x_wconf 86' lang='lat' dir='ltr'><strong>cap.</strong></span> <span class='ocrx_word' id='word_1_629' title='bbox 3010 4708 3135 4769; x_wconf 90' lang='lat'><strong>387.</strong></span> 
     </span>
    </p>
   </div>
   <div class='ocr_carea' id='block_1_108' title="bbox 1990 4797 3506 4893">
    <p class='ocr_par' dir='ltr' id='par_1_108' title="bbox 1990 4797 3506 4893">
     <span class='ocr_line' id='line_1_112' title="bbox 1990 4797 3506 4893; baseline 0.019 -41"><span class='ocrx_word' id='word_1_630' title='bbox 1990 4798 2248 4872; x_wconf 83' lang='lat' dir='ltr'><strong>(vr,297.)</strong></span> <span class='ocrx_word' id='word_1_631' title='bbox 2273 4797 2329 4855; x_wconf 92' lang='lat' dir='ltr'><strong>Si</strong></span> <span class='ocrx_word' id='word_1_632' title='bbox 2360 4801 2483 4873; x_wconf 88' lang='lat' dir='ltr'><strong>quis</strong></span> <span class='ocrx_word' id='word_1_633' title='bbox 2514 4808 2940 4893; x_wconf 75' lang='lat' dir='ltr'><strong>prasumpserit,</strong></span> <span class='ocrx_word' id='word_1_634' title='bbox 2964 4825 3128 4884; x_wconf 91' lang='lat' dir='ltr'><strong>quam</strong></span> <span class='ocrx_word' id='word_1_635' title='bbox 3158 4833 3267 4874; x_wconf 91' lang='lat' dir='ltr'><strong>non</strong></span> <span class='ocrx_word' id='word_1_636' title='bbox 3282 4822 3506 4893; x_wconf 88' lang='lat' dir='ltr'><strong>meruit,</strong></span> 
     </span>
    </p>
   </div>
   <div class='ocr_carea' id='block_1_109' title="bbox 1915 4887 3503 4984">
    <p class='ocr_par' dir='ltr' id='par_1_109' title="bbox 1915 4887 3503 4984">
     <span class='ocr_line' id='line_1_113' title="bbox 1915 4887 3503 4984; baseline 0.016 -40"><span class='ocrx_word' id='word_1_637' title='bbox 1915 4887 2210 4960; x_wconf 88' lang='lat' dir='ltr'><strong>aprincipe</strong></span> <span class='ocrx_word' id='word_1_638' title='bbox 2236 4890 2324 4945; x_wconf 90' lang='lat' dir='ltr'><strong>vel</strong></span> <span class='ocrx_word' id='word_1_639' title='bbox 2358 4889 2573 4946; x_wconf 89' lang='lat' dir='ltr'><strong>seniore</strong></span> <span class='ocrx_word' id='word_1_640' title='bbox 2598 4890 2769 4964; x_wconf 88' lang='lat' dir='ltr'><strong>justo,</strong></span> <span class='ocrx_word' id='word_1_641' title='bbox 2802 4895 3152 4974; x_wconf 83' lang='lat' dir='ltr'><strong>dignitatem,</strong></span> <span class='ocrx_word' id='word_1_642' title='bbox 3206 4910 3503 4984; x_wconf 89' lang='lat' dir='ltr'><strong>sacrilegus</strong></span> 
     </span>
    </p>
   </div>
   <div class='ocr_carea' id='block_1_110' title="bbox 1915 4976 3503 5070">
    <p class='ocr_par' dir='ltr' id='par_1_110' title="bbox 1915 4976 3503 5070">
     <span class='ocr_line' id='line_1_114' title="bbox 1915 4976 3503 5070; baseline 0.016 -39"><span class='ocrx_word' id='word_1_643' title='bbox 1915 4976 2201 5034; x_wconf 89' lang='lat' dir='ltr'><strong>habeatur.</strong></span> <span class='ocrx_word' id='word_1_644' title='bbox 2237 4979 2559 5050; x_wconf 86' lang='lat' dir='ltr'><strong>Homicida,</strong></span> <span class='ocrx_word' id='word_1_645' title='bbox 2606 4984 2863 5055; x_wconf 85' lang='lat' dir='ltr'><strong>maleﬁci,</strong></span> <span class='ocrx_word' id='word_1_646' title='bbox 2914 4989 3084 5060; x_wconf 87' lang='lat' dir='ltr'><strong>fures,</strong></span> <span class='ocrx_word' id='word_1_647' title='bbox 3118 4997 3388 5070; x_wconf 88' lang='lat' dir='ltr'><strong>sacrilegi,</strong></span> <span class='ocrx_word' id='word_1_648' title='bbox 3421 5017 3503 5056; x_wconf 86' lang='lat' dir='ltr'><strong>ra-</strong></span> 
     </span>
    </p>
   </div>
   <div class='ocr_carea' id='block_1_111' title="bbox 1912 5068 3501 5155">
    <p class='ocr_par' dir='ltr' id='par_1_111' title="bbox 1912 5068 3501 5155">
     <span class='ocr_line' id='line_1_115' title="bbox 1912 5068 3501 5155; baseline 0.016 -35"><span class='ocrx_word' id='word_1_649' title='bbox 1912 5075 2115 5139; x_wconf 89' lang='lat' dir='ltr'><strong>ptores,</strong></span> <span class='ocrx_word' id='word_1_650' title='bbox 2134 5068 2386 5136; x_wconf 87' lang='lat' dir='ltr'><strong>veneﬁci,</strong></span> <span class='ocrx_word' id='word_1_651' title='bbox 2404 5069 2663 5141; x_wconf 79' lang='lat' dir='ltr'><strong>adulteri,</strong></span> <span class='ocrx_word' id='word_1_652' title='bbox 2690 5081 2743 5129; x_wconf 90' lang='lat' dir='ltr'><strong>et</strong></span> <span class='ocrx_word' id='word_1_653' title='bbox 2764 5076 2859 5147; x_wconf 89' lang='lat' dir='ltr'><strong>qui</strong></span> <span class='ocrx_word' id='word_1_654' title='bbox 2878 5087 3095 5150; x_wconf 87' lang='lat' dir='ltr'><strong>raptum</strong></span> <span class='ocrx_word' id='word_1_655' title='bbox 3127 5068 3380 5155; x_wconf 81' lang='lat' dir='ltr'><strong>fecerint,</strong></span> <span class='ocrx_word' id='word_1_656' title='bbox 3413 5093 3501 5147; x_wconf 92' lang='lat' dir='ltr'><strong>vel</strong></span> 
     </span>
    </p>
   </div>
   <div class='ocr_carea' id='block_1_112' title="bbox 1912 5155 3499 5249">
    <p class='ocr_par' dir='ltr' id='par_1_112' title="bbox 1912 5155 3499 5249">
     <span class='ocr_line' id='line_1_116' title="bbox 1912 5155 3499 5249; baseline 0.015 -39"><span class='ocrx_word' id='word_1_657' title='bbox 1912 5155 2110 5211; x_wconf 84' lang='lat' dir='ltr'><strong>falsum</strong></span> <span class='ocrx_word' id='word_1_658' title='bbox 2140 5157 2523 5214; x_wconf 90' lang='lat' dir='ltr'><strong>testimonium</strong></span> <span class='ocrx_word' id='word_1_659' title='bbox 2549 5160 2817 5231; x_wconf 84' lang='lat' dir='ltr'><strong>dixerint,</strong></span> <span class='ocrx_word' id='word_1_660' title='bbox 2848 5182 2943 5221; x_wconf 90' lang='lat' dir='ltr'><strong>seu</strong></span> <span class='ocrx_word' id='word_1_661' title='bbox 2973 5168 3067 5239; x_wconf 89' lang='lat' dir='ltr'><strong>qui</strong></span> <span class='ocrx_word' id='word_1_662' title='bbox 3112 5171 3180 5227; x_wconf 92' lang='lat' dir='ltr'><strong>ad</strong></span> <span class='ocrx_word' id='word_1_663' title='bbox 3211 5174 3499 5249; x_wconf 87' lang='lat' dir='ltr'><strong>sortilegos</strong></span> 
     </span>
    </p>
   </div>
   <div class='ocr_carea' id='block_1_113' title="bbox 1911 5248 3494 5322">
    <p class='ocr_par' dir='ltr' id='par_1_113' title="bbox 1911 5248 3494 5322">
     <span class='ocr_line' id='line_1_117' title="bbox 1911 5248 3494 5322; baseline 0.016 -25"><span class='ocrx_word' id='word_1_664' title='bbox 1911 5258 2201 5315; x_wconf 86' lang='lat' dir='ltr'><strong>magosque</strong></span> <span class='ocrx_word' id='word_1_665' title='bbox 2229 5248 2595 5317; x_wconf 88' lang='lat' dir='ltr'><strong>cucurrerint,</strong></span> <span class='ocrx_word' id='word_1_666' title='bbox 2631 5249 2948 5308; x_wconf 88' lang='lat' dir='ltr'><strong>nullatenus</strong></span> <span class='ocrx_word' id='word_1_667' title='bbox 2976 5264 3137 5312; x_wconf 89' lang='lat' dir='ltr'><strong>erunt</strong></span> <span class='ocrx_word' id='word_1_668' title='bbox 3191 5260 3258 5315; x_wconf 90' lang='lat' dir='ltr'><strong>ad</strong></span> <span class='ocrx_word' id='word_1_669' title='bbox 3280 5248 3494 5322; x_wconf 85' lang='lat' dir='ltr'><strong>accusa-</strong></span> 
     </span>
    </p>
   </div>
   <div class='ocr_carea' id='block_1_114' title="bbox 1910 5336 3121 5408">
    <p class='ocr_par' dir='ltr' id='par_1_114' title="bbox 1910 5336 3121 5408">
     <span class='ocr_line' id='line_1_118' title="bbox 1910 5336 3121 5408; baseline 0.013 -17"><span class='ocrx_word' id='word_1_670' title='bbox 1910 5336 2116 5392; x_wconf 89' lang='lat' dir='ltr'><strong>tionem</strong></span> <span class='ocrx_word' id='word_1_671' title='bbox 2147 5338 2234 5393; x_wconf 87' lang='lat' dir='ltr'><strong>vel</strong></span> <span class='ocrx_word' id='word_1_672' title='bbox 2265 5337 2334 5395; x_wconf 85' lang='lat' dir='ltr'><strong>ad</strong></span> <span class='ocrx_word' id='word_1_673' title='bbox 2360 5341 2741 5400; x_wconf 89' lang='lat' dir='ltr'><strong>testimonium</strong></span> <span class='ocrx_word' id='word_1_674' title='bbox 2772 5345 3121 5408; x_wconf 90' lang='lat' dir='ltr'><strong>admittendi.</strong></span> 
     </span>
    </p>
   </div>
   <div class='ocr_carea' id='block_1_115' title="bbox 1976 5450 3493 5583">
    <p class='ocr_par' dir='ltr' id='par_1_115' title="bbox 1976 5450 3493 5583">
     <span class='ocr_line' id='line_1_119' title="bbox 1976 5450 3493 5583; baseline 0.017 -72"><span class='ocrx_word' id='word_1_675' title='bbox 1976 5450 2106 5511; x_wconf 86' lang='lat' dir='ltr'><strong>CAP.</strong></span> <span class='ocrx_word' id='word_1_676' title='bbox 2139 5451 2233 5510; x_wconf 90' lang='lat' dir='ltr'><strong>IV.</strong></span> <span class='ocrx_word' id='word_1_677' title='bbox 2259 5453 2337 5510; x_wconf 88' lang='lat' dir='ltr'><strong>De</strong></span> <span class='ocrx_word' id='word_1_678' title='bbox 2365 5456 2664 5583; x_wconf 43' lang='lat' dir='ltr'><strong>sacrilegis;</strong></span> <span class='ocrx_word' id='word_1_679' title='bbox 2696 5462 2835 5529; x_wconf 87' lang='lat' dir='ltr'><strong>quod</strong></span> <span class='ocrx_word' id='word_1_680' title='bbox 2862 5462 3013 5532; x_wconf 81' lang='lat' dir='ltr'><strong>fures</strong></span> <span class='ocrx_word' id='word_1_681' title='bbox 3039 5469 3148 5524; x_wconf 87' lang='lat' dir='ltr'><strong>sint</strong></span> <span class='ocrx_word' id='word_1_682' title='bbox 3179 5477 3298 5529; x_wconf 76' lang='lat' dir='ltr'><strong>teste</strong></span> <span class='ocrx_word' id='word_1_683' title='bbox 3352 5478 3493 5537; x_wconf 84' lang='lat' dir='ltr'><strong>Scri-</strong></span> 
     </span>
     <span class='ocr_line' id='line_1_120' title="bbox 2606 5546 2787 5583; baseline 0 0"><span class='ocrx_word' id='word_1_684' title='bbox 2606 5546 2642 5583; x_wconf 82' lang='lat' dir='ltr'><strong>n</strong></span> <span class='ocrx_word' id='word_1_685' title='bbox 2665 5546 2787 5583; x_wconf 79' lang='lat' dir='ltr'><strong>ara.</strong></span> 
     </span>
    </p>
   </div>
   <div class='ocr_carea' id='block_1_116' title="bbox 2602 5546 2787 5600">
    <p class='ocr_par' dir='ltr' id='par_1_116' title="bbox 2602 5546 2787 5600">
     <span class='ocr_line' id='line_1_121' title="bbox 2602 5546 2787 5600; baseline 0.027 -18"><span class='ocrx_word' id='word_1_686' title='bbox 2602 5546 2787 5600; x_wconf 79' lang='lat' dir='ltr'><strong>ptura.</strong></span> 
     </span>
    </p>
   </div>
   <div class='ocr_carea' id='block_1_117' title="bbox 2370 5613 2985 5693">
    <p class='ocr_par' dir='ltr' id='par_1_117' title="bbox 2370 5613 2985 5693">
     <span class='ocr_line' id='line_1_122' title="bbox 2370 5613 2985 5693; baseline 0.024 -25"><span class='ocrx_word' id='word_1_687' title='bbox 2370 5613 2455 5669; x_wconf 90' lang='lat' dir='ltr'><strong>Ex</strong></span> <span class='ocrx_word' id='word_1_688' title='bbox 2485 5614 2697 5688; x_wconf 91' lang='lat' dir='ltr'><strong>eodem,</strong></span> <span class='ocrx_word' id='word_1_689' title='bbox 2711 5635 2830 5693; x_wconf 89' lang='lat' dir='ltr'><strong>cap.</strong></span> <span class='ocrx_word' id='word_1_690' title='bbox 2861 5621 2985 5683; x_wconf 90' lang='lat'><strong>395.</strong></span> 
     </span>
    </p>
   </div>
   <div class='ocr_carea' id='block_1_118' title="bbox 1978 5713 3493 5813">
    <p class='ocr_par' dir='ltr' id='par_1_118' title="bbox 1978 5713 3493 5813">
     <span class='ocr_line' id='line_1_123' title="bbox 1978 5713 3493 5813; baseline 0.018 -44"><span class='ocrx_word' id='word_1_691' title='bbox 1978 5713 2081 5785; x_wconf 81' lang='lat' dir='ltr'><strong>(vr,</strong></span> <span class='ocrx_word' id='word_1_692' title='bbox 2107 5713 2259 5787; x_wconf 85' lang='grc'><strong>312.)</strong></span> <span class='ocrx_word' id='word_1_693' title='bbox 2291 5714 2563 5813; x_wconf 81' lang='lat' dir='ltr'><strong>Omnibus</strong></span> <span class='ocrx_word' id='word_1_694' title='bbox 2610 5720 2897 5780; x_wconf 88' lang='lat' dir='ltr'><strong>sciendum</strong></span> <span class='ocrx_word' id='word_1_695' title='bbox 2953 5734 3038 5784; x_wconf 89' lang='lat' dir='ltr'><strong>est</strong></span> <span class='ocrx_word' id='word_1_696' title='bbox 3064 5731 3212 5805; x_wconf 91' lang='lat' dir='ltr'><strong>quod</strong></span> <span class='ocrx_word' id='word_1_697' title='bbox 3241 5737 3493 5813; x_wconf 89' lang='lat' dir='ltr'><strong>sacrilegi</strong></span> 
     </span>
    </p>
   </div>
   <div class='ocr_carea' id='block_1_119' title="bbox 1904 5801 3486 5900">
    <p class='ocr_par' dir='ltr' id='par_1_119' title="bbox 1904 5801 3486 5900">
     <span class='ocr_line' id='line_1_124' title="bbox 1904 5801 3486 5900; baseline 0.021 -43"><span class='ocrx_word' id='word_1_698' title='bbox 1904 5801 2051 5860; x_wconf 89' lang='lat' dir='ltr'><strong>fures</strong></span> <span class='ocrx_word' id='word_1_699' title='bbox 2082 5803 2198 5861; x_wconf 90' lang='lat' dir='ltr'><strong>sint</strong></span> <span class='ocrx_word' id='word_1_700' title='bbox 2221 5807 2407 5865; x_wconf 91' lang='lat' dir='ltr'><strong>cuncti</strong></span> <span class='ocrx_word' id='word_1_701' title='bbox 2440 5807 2542 5883; x_wconf 75' lang='lat' dir='ltr'><strong>qui</strong></span> <span class='ocrx_word' id='word_1_702' title='bbox 2560 5827 2646 5871; x_wconf 90' lang='lat' dir='ltr'><strong>res</strong></span> <span class='ocrx_word' id='word_1_703' title='bbox 2674 5814 2917 5875; x_wconf 88' lang='lat' dir='ltr'><strong>ecclesia</strong></span> <span class='ocrx_word' id='word_1_704' title='bbox 2937 5801 3227 5900; x_wconf 68' lang='lat' dir='ltr'><strong>diripiunt,</strong></span> <span class='ocrx_word' id='word_1_705' title='bbox 3248 5801 3486 5900; x_wconf 64' lang='lat' dir='ltr'><strong>vastant,</strong></span> 
     </span>
    </p>
   </div>
   <div class='ocr_carea' id='block_1_120' title="bbox 3134 5895 3204 5953">
    <p class='ocr_par' dir='ltr' id='par_1_120' title="bbox 3134 5895 3204 5953">
     <span class='ocr_line' id='line_1_125' title="bbox 3134 5895 3204 5953; baseline 0.029 -1"><span class='ocrx_word' id='word_1_706' title='bbox 3134 5895 3204 5953; x_wconf 82' lang='lat'><strong>35</strong></span> 
     </span>
    </p>
   </div>
  </div>
