4056 6190
537 365 673 422 1099

1639 358 1869 415 ISAACI
1909 355 2224 413 EPISCOPI
2265 355 2724 412 LINGONENSIS

3687 352 3809 408 1100

531 517 822 585 invadunt,
847 521 1178 587 vexantque,
1209 520 1305 568 aut
1351 529 1382 567 a
1409 512 1534 584 jure
1586 511 1960 576 ecclesiarum,
1997 508 2115 580 qui-
2149 511 2200 569 A
2233 507 2451 563 noverit
2476 505 2857 563 vindicandos.
2902 505 3013 562 Nec
3048 509 3412 574 exspectetur_
3433 511 3497 559 ut
3533 503 3813 574 episcopus

525 611 628 667 bus
647 607 861 665 tradita
901 606 1138 674 fuerant,
1181 604 1384 675 injuste
1429 603 1690 659 alienant.
1717 600 1872 657 Unde
1901 608 1954 656 et
1980 599 2118 656 bea-

525 707 614 756 tus
668 699 1012 770 Augustinus
1067 697 1125 752 in
1168 695 1398 752 homilia
1455 694 1526 750 48
1576 693 1861 765 Evangelii
1891 693 2117 748 Joannis

522 789 601 845 ita
629 787 800 844 dicit:
833 787 975 843 Ecce
1007 786 1150 842 inter
1179 793 1397 841 sanctos
1416 791 1496 839 est
1525 782 1714 850 Judas,
1737 799 1861 838 ecce
1916 782 2005 836 fur
2033 788 2115 836 est

519 877 707 945 Iudas,
766 883 820 933 et
872 891 940 931 ne
995 882 1335 940 contemnas,
1369 873 1458 928 fur
1511 879 1565 927 et
1611 871 1952 941 sacrilegus:
1999 886 2111 926 non

519 967 917 1044 qualiscunque
974 965 1080 1033 fur,
1140 964 1233 1020 sed
1290 963 1378 1019 fur
1422 961 1875 1029 loculorum,sed
1932 960 2106 1016 domi-

521 1058 808 1115 nicorum:
864 1055 1192 1120 loculorum,
1249 1050 1344 1107 sed
1399 1066 1700 1107 sacrorum.
1764 1049 1821 1105 Si
1871 1050 2109 1104 crimina

519 1147 911 1204 discernuntur
955 1143 1010 1198 in
1056 1141 1226 1209 furto,
1275 1157 1386 1196 non
1431 1140 1826 1213 qualiscunque
1873 1139 1982 1207 fur,
2014 1138 2107 1196 sed

519 1239 822 1312 peculatus.
879 1235 1166 1292 Peculatus
1215 1231 1361 1288 enim
1413 1229 1618 1286 dicitur
1666 1229 1876 1286 furtum
1935 1231 2002 1286 de
2051 1246 2108 1287 re

517 1327 760 1402 publica,
789 1333 843 1381 et
890 1341 999 1380 non
1030 1323 1110 1380 sic
1133 1321 1417 1394 judicatur
1467 1321 1676 1376 furtum
1725 1321 1802 1376 rei
1854 1319 2106 1392 privata,

517 1416 796 1492 quomodo
825 1415 1095 1488 publica:
1147 1421 1352 1485 quanto
1406 1410 1790 1468 vehementius
1840 1408 2109 1481 judican-

515 1508 620 1564 dus
675 1514 756 1563 est
815 1506 1112 1576 sacrilegus
1169 1508 1278 1571 fur,
1327 1520 1436 1559 non
1496 1502 1861 1574 undecunque
1891 1501 2105 1570 tollere,

513 1597 609 1656 sed
639 1597 706 1653 de
736 1597 983 1652 Ecclesia
1039 1595 1230 1652 tollere
1260 1596 1288 1651 7
1344 1596 1451 1664 Qui
1497 1593 1708 1668 aliquid
1764 1594 1830 1652 de
1861 1593 2108 1648 Ecclesia

514 1687 692 1745 aufert
774 1688 861 1742 vel
920 1687 1152 1756 furatur,
1246 1687 1398 1744 Juda
1464 1687 1678 1760 perdito
1738 1693 2100 1758 comparatur.

512 1781 650 1837 Nota
702 1779 848 1852 quod
904 1778 1114 1852 aliquid
1189 1779 1256 1835 de
1329 1779 1558 1836 ecclesia
1636 1777 1828 1835 tollere
1895 1777 2103 1832 furlum

513 1887 628 1926 esse
684 1869 876 1926 beatus
916 1869 1256 1940 Augustinus
1313 1877 1606 1935 asseverat,
1666 1875 1718 1923 et
1777 1874 2103 1938 patratorem
2133 1869 2177 1928 B

512 1961 652 2018 tanti
684 1960 819 2018 furti
853 1960 1027 2016 furem
1069 1961 1393 2030 sacrilegum
1461 1957 1716 2028 appellet,
1755 1971 1855 2013 nec
1898 1973 2007 2012 non
2057 1963 2109 2012 et

512 2049 665 2107 Juda
717 2049 932 2122 perdito
980 2050 1297 2122 aquiparet.
1342 2049 1413 2103 Et
1459 2055 1581 2119 post
1629 2062 1802 2119 pauca
1847 2064 1858 2102 :
1909 2046 2107 2112 Quare,

514 2139 716 2212 inquit,
752 2141 962 2198 loculos
988 2138 1202 2206 habuit,
1233 2138 1323 2195 cui
1354 2137 1533 2210 angeli
1588 2136 2045 2193 ministraverunt
2081 2135 2108 2190 ἵ

513 2231 623 2287 nisi
675 2231 800 2304 quia
857 2229 1106 2286 Ecclesia
1161 2229 1336 2300 ipsius
1385 2228 1598 2284 loculos
1639 2226 1895 2282 habitura
1946 2223 2109 2280 erat?

510 2320 654 2377 Ecce
678 2319 878 2394 quibus
907 2321 1044 2376 tanti
1075 2319 1316 2376 doctoris
1362 2318 1706 2375 documentis
1759 2317 2104 2385 instruimur,

482 2410 640 2484 quia
668 2409 813 2483 quod
838 2410 895 2465 in
925 2410 1102 2476 capite
1134 2409 1432 2482 pracessit,
1468 2409 1526 2464 in
1559 2423 1785 2479 corpore
1817 2404 2107 2477 ejus,quod

488 2507 592 2559 ,est
625 2501 886 2567 Ecclesia,
910 2501 1135 2555 videtur
1164 2501 1477 2571 impletum.
1522 2499 1691 2553 Porro
1727 2497 2006 2553 Christum
2056 2505 2108 2552 et

509 2588 814 2644 Ecclesiam
841 2590 1006 2644 unam
1063 2605 1350 2659 personam
1395 2605 1510 2643 esse
1571 2605 1683 2643 non
1714 2587 2020 2649 nescimus;
2055 2592 2108 2639 et

512 2673 638 2731 ideo
673 2690 791 2745 qua
822 2675 1265 2743 Ecclesia'Sunt,
1286 2675 1493 2732 Christi
1525 2683 1673 2744 sunt,
1705 2684 1894 2748 etqua
1925 2674 2105 2730 Eccle-

510 2765 607 2821 sia
628 2765 1188 2831 offeruntur,Christo
1209 2768 1538 2836 offeruntur,
1558 2775 1610 2822 et
1631 2784 1749 2840 qua
1765 2769 1832 2825 ab
1859 2768 2107 2824 Ecclesia

509 2853 808 2918 tolluntur,
843 2853 1235 2924 procul‘dubio
1267 2857 1488 2912 Christo
1516 2859 1806 2913 tolluntur.
1842 2859 1985 2928 Ergo
2015 2857 2104 2911 fu-

509 2950 698 2998 turum
721 2951 837 2999 erat
866 2950 928 2999 ut
959 2943 1202 2999 Ecclesia
1231 2943 1435 3001 Christi
1470 2961 1726 3000 nummos
1759 2946 1980 3000 haberet
2006 2965 2016 3002 :
2059 2947 2102 3001 si

509 3049 786 3101 nummos,
819 3033 1009 3108 utique
1029 3044 1082 3089 et
1113 3033 1333 3105 pradia,
1371 3042 1423 3090 et
1445 3035 1736 3106 mancipia,
1769 3042 1822 3090 et
1852 3035 2105 3090 diversa-

507 3140 628 3180 rum
661 3124 963 3196 specierum
1007 3123 1293 3179 innumera
1320 3131 1660 3180 ornamenta.
1699 3125 1768 3179 Et
1823 3125 1950 3196 quia
1983 3124 2105 3178 illi-

505 3213 680 3272 citum
714 3215 785 3271 sit
815 3231 875 3271 ea
902 3232 1024 3287 qua
1051 3215 1412 3270 conferuntur
1441 3213 1701 3270 Ecclesia
1723 3215 1926 3270 auferri
1958 3214 2099 3269 beati
2134 3233 2175 3290 ρ

507 3302 833 3376 Hieronymi
851 3305 1145 3362 scribentis
1169 3305 1226 3359 in
1240 3303 1585 3377 expositione
1600 3303 1842 3359 Matthai
1874 3319 2101 3374 evange-

505 3391 646 3449 lista
675 3392 840 3450 verba
861 3402 1148 3450 testantur.
1186 3393 1408 3459 Omnes.
1444 3394 1645 3467 inquit,
1673 3394 1765 3466 qui
1802 3393 1941 3464 stipe
1971 3402 2100 3449 tem-

505 3482 604 3553 pli,
637 3491 691 3538 et
725 3482 809 3538 his
830 3500 948 3554 qua
978 3483 1344 3539 conferuntur
1379 3483 1435 3537 in
1467 3499 1598 3537 usus
1642 3481 1923 3550 Ecclesia,
1972 3482 2099 3537 abu-

505 3580 698 3628 tuntur
721 3575 773 3628 in
797 3575 921 3628 aliis
953 3575 1133 3639 rebus,
1169 3575 1367 3645 quibus
1397 3590 1547 3629 suam
1579 3574 1836 3643 expleant
1895 3575 2100 3627 volun-

509 3666 696 3727 tatem,
745 3662 956 3716 similes
984 3670 1114 3716 sunt
1141 3663 1441 3717 scribarum
1476 3669 1530 3716 et
1583 3661 1925 3716 sacerdotum
1961 3661 2098 3715 redi-

504 3749 774 3805 mentium
809 3751 1156 3808 mendacium
1185 3759 1239 3806 et
1273 3751 1593 3822 sanguinem
1625 3750 1740 3805 Salv
1756 3750 1944 3804 atoris.

505 3872 636 3930 CAP.
691 3873 763 3929 ν.
823 3875 973 3940 Quod
1031 3872 1294 3942 quidquid
1329 3874 1550 3942 offertur
1591 3872 1813 3927 Domino
1862 3878 2098 3928 sanctum

574 3948 878 3998 sanctorum
934 3944 1020 4011 sit,
1063 3951 1110 3997 et
1155 3944 1225 3997 ad
1247 3943 1343 4011 jus
1375 3944 1638 4014 pertineat
1671 3945 2018 3999 sacerdotum.

1001 4051 1089 4108 Ex
1119 4052 1332 4121 eodem,
1355 4069 1473 4126 cap.
1504 4053 1627 4110 396.

575 4168 680 4238 (γι,
713 4165 864 4240 303.)
895 4168 1046 4225 Nulli
1085 4168 1244 4224 liceat
1277 4169 1526 4241 ignorare
1555 4169 1698 4243 quod
1736 4187 1898 4228 omne
1948 4172 2096 4246 quod

498 4257 737 4313 Domino
773 4259 1266 4328 consecratur,sive
1315 4260 1481 4316 homo
1515 4261 1824 4328 fuerit,sive
1864 4264 2090 4334 animal,

500 4348 618 4404 sive
647 4364 792 4421 ager,
825 4351 912 4404 vel
943 4349 1215 4422 quidquid
1245 4349 1410 4405 semel
1443 4351 1557 4406 Deo
1587 4350 1756 4407 fuerit
1811 4367 2090 4408 consecra-

499 4444 636 4505 tum,
669 4445 918 4495 sanctum
954 4447 1269 4495 sanctorum
1319 4440 1426 4496 erit
1477 4440 1736 4509 Domino,
1775 4449 1829 4497 et
1884 4440 1951 4498 ad
2002 4441 2093 4513 jus

496 4530 738 4600 pertinet
785 4529 1148 4586 sacerdotum.
1199 4530 1426 4601 Propter
1481 4530 1626 4602 quod
1702 4530 2094 4587 inexcusabilis

2229 597 2447 668 injuria
2495 595 2727 668 propria
2769 596 3035 650 ultionem
3081 592 3358 664 deposcat,
3417 592 3507 650 cui
3564 593 3813 650 sanctitas

2226 685 2546 757 ignoscendi
2577 687 2745 742 solam
2778 684 3004 757 gloriam
3036 682 3332 756 dereliquit
3365 702 3376 739 :
3405 683 3588 755 sitque
3613 683 3814 741 cunctis

2225 791 2336 830 non
2383 777 2559 832 solum
2623 774 2878 842 liberum,
2935 770 3027 828 sed
3084 772 3250 828 etiam
3303 770 3599 840 laudabile,
3656 772 3812 830 factas

2221 875 2432 924 atroces
2479 867 2856 924 sacerdotibus
2913 875 3009 921 aut
3038 865 3309 920 ministris
3358 862 3612 935 injurias,
3653 867 3813 922 veluti

2219 957 2498 1032 publicum
2537 957 2767 1026 crimen,
2802 953 3074 1029 persequi,
3103 970 3166 1011 ac
3197 953 3263 1010 de
3294 953 3497 1010 talibus
3526 953 3637 1010 reis
3665 953 3814 1011 ultio.

2219 1064 2343 1104 nem
2381 1046 2600 1104 mereri.

2219 1169 2350 1230 Cap.
2384 1170 2503 1229 VII.
2529 1169 2679 1238 Quod
2707 1167 2885 1224 omnia
2913 1183 3031 1238 qua
3051 1165 3278 1222 Domino
3308 1165 3612 1236 offeruntur
3629 1167 3814 1240 procul

2693 1240 2848 1296 dubio
2875 1246 2922 1294 ct
2949 1245 3341 1294 consecrantur.

2607 1351 2696 1408 Ex
2723 1348 2915 1406 eodem
2945 1347 3108 1418 libro,
3153 1365 3275 1422 cap.
3304 1347 3429 1405 398.

2291 1470 2393 1538 (vr,
2439 1466 2590 1537 305.)
2644 1465 2843 1522 Omnia
2872 1482 2990 1538 qua
3024 1466 3262 1522 Domino
3289 1466 3602 1522 offeruntur
3629 1467 3810 1535 procul

2217 1556 2387 1613 dubio
2415 1566 2470 1612 et
2502 1565 2893 1612 consecrantur
2927 1575 2938 1611 :
2971 1562 3156 1612 etnon
3177 1556 3357 1611 solum
3388 1555 3680 1622 sacriﬁcia,
3705 1572 3817 1628 qua

2215 1664 2247 1703 a
2292 1645 2666 1704 sacerdotibus
2721 1662 2884 1718 super
2920 1646 3090 1704 altare
3124 1647 3365 1702 Domino
3408 1651 3813 1720 consecrantur.

2215 1737 2523 1792 oblationes
2552 1735 2798 1790 fidelium
2831 1735 3094 1791 dicuntur
3143 1752 3154 1790 :
3205 1734 3298 1790 sed
3344 1751 3689 1808 quacunque
3716 1721 3817 1790 eia

2215 1825 2471 1881 ﬁdelibus
2502 1823 2830 1893 offeruntur,
2855 1824 2972 1879 sive
3004 1824 3059 1879 in
3093 1823 3406 1895 mancipiis,
3432 1824 3548 1880 sive
3571 1824 3629 1878 in
3661 1823 3812 1894 agris,

2219 1915 2416 1982 vineis,
2442 1913 2617 1980 silvis,
2644 1914 2832 1985 pratis,
2865 1917 3040 1987 aquis,
3075 1929 3452 1985 aquarumque
3472 1912 3804 1976 decursibus,

2218 2002 2486 2070 artificiis,
2515 2003 2694 2069 libris,
2726 2002 3080 2070 utensilibus,
3119 2002 3309 2074 petris,
3342 2001 3618 2069 adificiis,
3649 2001 3814 2057 vesti-

2220 2095 2440 2162 mentis,
2467 2095 2724 2166 pellibus,
2749 2094 3029 2162 lanificiis,
3059 2094 3368 2165 pecoribus,
3396 2093 3635 2165 pascuis,
3663 2109 3813 2148 meni-

2219 2185 2424 2253 branis,
2462 2183 2758 2239 mobilibus
2796 2190 2850 2238 et
2898 2183 3299 2253 immobilibus,
3355 2183 3441 2240 vel
3482 2199 3817 2256 quacunque

2218 2275 2284 2330 de
2316 2273 2403 2329 his
2432 2274 2612 2342 rebus,
2646 2290 2767 2346 qua
2797 2273 2865 2329 ad
2897 2273 3112 2330 laudem
3145 2274 3244 2330 Dei
3273 2273 3436 2342 fiunt,
3474 2274 3568 2329 vel
3596 2273 3815 2347 supple-

2220 2373 2465 2419 mentum
2499 2372 2699 2419 sancta
2726 2363 2823 2419 Dei
2855 2363 3135 2431 Ecclesia,
3169 2362 3394 2435 ejusque
3425 2363 3813 2431 sacerdotibus,

2217 2461 2378 2525 atque
2405 2461 2658 2509 ornatum
2705 2461 2957 2525 prastare
2987 2461 3235 2527 possunt,
3269 2453 3511 2509 Domino
3542 2454 3814 2509 Ecclesia-

2217 2557 2320 2613 que
2350 2559 2461 2597 sua
2491 2560 2522 2598 a
2551 2541 2968 2615 quibuscunque
3017 2543 3165 2598 ultro
3210 2543 3540 2612 offeruntur,
3590 2544 3818 2598 Domino

2218 2629 2597 2687 indubitanter
2626 2641 3037 2700 consecrantur,
3090 2642 3142 2688 et
3182 2631 3250 2687 ad
3281 2631 3374 2703 jus
3417 2631 3704 2703 pertinent
3733 2648 3816 2688 sa-

2215 2721 2520 2776 cerdotum.
2571 2721 2640 2778 Et
2689 2723 2816 2795 quia
2859 2724 3139 2781 Christum
3184 2731 3238 2777 et
3289 2722 3596 2778 Ecclesiam
3653 2738 3810 2777 unam

2217 2826 2503 2882 personam
2567 2826 2680 2865 esse
2733 2811 3000 2866 veraciter
3042 2813 3408 2881 agnoscimus,
3480 2828 3816 2884 quacunque

2216 2900 2472 2956 Ecclesia
2493 2908 2639 2967 sunt,
2671 2899 2874 2956 Christi
2907 2908 3035 2955 sunt
3061 2919 3073 2967 ;
3103 2913 3151 2957 el
3186 2917 3306 2973 qua
3337 2901 3620 2969 Ecclesia,
3659 2901 3740 2956 vel
3765 2899 3814 2954 in

2214 2986 2562 3056 supradctis,
2615 2987 2700 3042 vel
2759 2986 2816 3042 in
2876 2987 3293 3060 quibuscunque
3352 2987 3660 3058 speciebus,
3710 2986 3816 3042 sive

2217 3075 2732 3146 pollicitationibus,
2755 3076 2872 3132 sive
2905 3075 3246 3147 pignoribus,
3270 3075 3387 3132 sive
3417 3077 3664 3148 scriptis,
3700 3077 3810 3133 sive

2212 3166 2589 3235 corporalibus
2611 3166 2772 3221 rebus
2795 3166 3121 3234 offeruntur,
3148 3165 3368 3222 Christo
3389 3167 3726 3222 offeruntur.
3752 3167 3816 3222 Et

2212 3273 2331 3328 qua
2362 3257 2428 3312 ab
2461 3256 2703 3312 Ecclesia
2735 3255 2852 3326 ejus
2881 3273 3210 3329 quocunque
3229 3267 3548 3314 commento
3577 3258 3816 3315 alienan-

2213 3353 2321 3412 tur,
2347 3347 2430 3400 vel
2454 3347 2748 3413 tolluntur,
2773 3346 2889 3402 sive
2911 3346 3222 3413 alienando,
3246 3346 3364 3403 sive
3391 3347 3684 3417 vastando,
3707 3351 3818 3403 sive

2212 3434 2542 3504 invadendo,
2576 3437 2691 3492 sive
2711 3435 3056 3503 minorando,
3091 3435 3208 3491 sive
3237 3435 3576 3510 diripienda,
3598 3437 3817 3495 Christo

2212 3525 2500 3581 tolluntur.
2551 3525 2621 3580 Et
2658 3525 2703 3580 si
2747 3525 2814 3580 ab
2861 3526 3038 3580 amico
3068 3525 3351 3597 quidpiam
3385 3542 3576 3597 rapere
3605 3528 3811 3584 furtum

2210 3622 2309 3677 est.
2349 3618 2617 3687 praecipue
2650 3616 2869 3674 Christo
2913 3616 3148 3672 Domino
3195 3627 3405 3685 nostro,
3453 3620 3552 3690 qui
3592 3630 3679 3676 est
3725 3635 3815 3675 rex

2211 3721 2418 3772 regum,
2452 3714 2505 3760 et
2545 3705 2815 3761 Dominus
2862 3706 3295 3775 dominantium,
3345 3708 3563 3781 aliquid
3603 3711 3817 3765 auferre

2209 3794 2294 3848 vel
2320 3793 2577 3862 alienare,
2611 3795 2895 3866 subripere
2935 3797 3021 3851 vel
3058 3805 3286 3863 vastare,
3321 3799 3673 3871 sacrilegium
3713 3809 3812 3856 est.

2208 3883 2410 3939 Omnes
2454 3899 2686 3956 namque
2735 3883 2999 3940 Ecclesia
3030 3884 3316 3956 pradones
3363 3888 3816 3945 manifesussime

2207 3980 2334 4028 sunt
2360 3973 2630 4044 sacrilegi,
2667 3981 2720 4029 et
2750 3974 2938 4030 nullus
2985 3973 3301 4046 sacrilegus,
3343 3975 3449 4031 nisi
3493 3991 3590 4047 per
3624 3993 3816 4050 puram

2207 4063 2596 4134 probatumque
2643 4070 2803 4135 atque
2849 4062 3126 4135 publicam
3174 4063 3584 4135 paenitentiam,
3639 4076 3693 4124 et
3722 4083 3817 4140 per

2206 4154 2467 4210 Ecclesia
2489 4155 2939 4225 satisfactionem,
2978 4157 3468 4230 episcoporumque
3491 4171 3590 4228 per
3620 4173 3817 4212 manus

2205 4244 2609 4317 iinpositionem
2635 4245 2798 4317 juxta
2827 4245 3119 4304 canonicas
3148 4247 3461 4303 sanctiones
3488 4247 3814 4304 reconcilia-

2203 4333 2431 4404 tionem,
2475 4351 2704 4407 regnum
2752 4336 2849 4392 Dei
2899 4335 3223 4408 possidebit.
3269 4336 3341 4392 Et
3391 4352 3505 4392 non
3551 4336 3738 4392 solum
3785 4352 3817 4389 a

2203 4443 2370 4500 regno
2390 4428 2489 4483 Dei
2518 4427 2581 4484 ﬁt
2609 4429 2842 4496 alienus,
2877 4430 2971 4485 sed
3019 4429 3184 4486 etiam
3215 4446 3248 4485 a
3275 4427 3570 4484 liminibus
3602 4435 3812 4483 sancta

2203 4518 2480 4587 Ecclesia,
2523 4526 2576 4574 et
2607 4520 2877 4592 pracipue
2906 4519 2973 4575 ab
3020 4519 3192 4588 illius,
3243 4536 3404 4593 quam
3439 4519 3603 4586 lasit,
3637 4533 3815 4590 usque

495 4619 601 4673 em
624 4617 806 4673 omnis
835 4617 930 4690 qui
962 4633 1024 4673 ea
1067 4633 1187 4690 quas,
1233 4618 1473 4674 Domino
1498 4601 1582 4674 "et
1630 4619 1891 4676 Ecclesia,
1944 4635 2090 4688 com.
2122 4601 2167 4658 D
2199 4608 2264 4663 ad
2298 4608 2610 4680 pradictam
2641 4608 3067 4665 satisfactionem
3100 4607 3338 4664 extorris
3379 4607 3644 4663 efﬁcitur.
3687 4607 3811 4663 Ta—

495 4711 709 4777 petunt,
739 4706 937 4773 aufert,
959 4714 1157 4774 vastat,
1191 4705 1426 4775 invadis,
1459 4708 1544 4762 vel
1576 4707 1790 4779 dirip.t,
1825 4724 1994 4780 usque
2020 4708 2089 4764 ad

493 4791 956 4860 emendationem,
1009 4793 1376 4864 Ecclesiaque
1425 4795 1877 4863 satisfactionem,
1939 4797 2088 4870 quod

493 4881 565 4938 sit
587 4881 905 4952 sacrilegus,
937 4889 991 4937 et
1016 4895 1128 4937 non
1161 4888 1374 4938 tantum
1410 4883 1724 4955 sacrilegus;
1777 4883 1871 4940 sed
1921 4886 2085 4942 etiam

492 4972 582 5030 fur
603 4971 918 5044 sacrilegus.

563 5083 694 5144 Cap.
725 5084 818 5143 VI.
850 5085 929 5141 De
958 5084 1335 5160 his__sacrilegis_
1372 5087 1464 5157 qui
1493 5087 1740 5160 Ecclesia:
1772 5087 1982 5160 ejusque
2001 5105 2081 5144 sa-

845 5157 1142 5213 cerdotibus
1163 5157 1396 5227 injurias
1427 5158 1684 5229 inferunt.

878 5265 967 5322 Ex
1003 5265 1195 5322 eodem
1221 5266 1384 5337 libro,
1407 5284 1525 5340 cap.
1557 5269 1682 5326 397.

558 5386 661 5454 (γι,
711 5384 862 5458 304.)
891 5385 948 5442 Si
970 5386 1094 5461 quis
1125 5387 1182 5443 iu
1211 5385 1317 5444 hoc
1348 5404 1518 5460 genus
1551 5389 1822 5463 sacrilegii
1846 5405 2080 5464 prorupe

485 5472 576 5539 rit,
609 5484 670 5530 ut
703 5477 760 5531 in
781 5479 1037 5536 ecclesias
1062 5495 1360 5552 earumque
1407 5497 1493 5536 res
1520 5479 1756 5549 irruens,
1787 5481 2080 5537 sacerdoti-

481 5561 584 5618 bus
611 5572 665 5618 et
697 5563 988 5635 ministris,
1024 5570 1109 5624 vel
1160 5569 1277 5641 ipso
1333 5569 1511 5626 cultui
1543 5579 1640 5626 aut
1689 5572 1810 5627 loco
1865 5570 2077 5643 aliquid

481 5651 744 5726 importet
774 5653 1013 5725 injuria,
1039 5659 1124 5713 vel
1156 5659 1358 5714 inferat
1397 5661 1464 5716 ad
1494 5659 1672 5716 divini
1711 5660 1893 5716 cultus
1931 5659 2074 5731 inju-

475 5740 635 5811 riam,
666 5742 952 5800 convictos
979 5745 1096 5801 sive
1120 5749 1400 5805 confessos
1420 5765 1542 5806 reos
1556 5749 1785 5822 capituli
1803 5751 2075 5807 sententia

2199 4699 2332 4754 lium
2358 4714 2486 4753 vero
2506 4699 2772 4753 scelerum
2790 4699 3178 4770 patratoribus,
3210 4699 3313 4754 nisi
3340 4705 3458 4770 post
3482 4696 3812 4769 praedictam

2197 4786 2648 4855 satisfactionem,
2684 4802 2784 4843 nec
2813 4787 2980 4856 vivis,
3006 4804 3105 4844 nec
3135 4787 3368 4844 mortuis
3391 4786 3814 4843 communicare

2195 4869 2476 4927 debemus.
2518 4873 2659 4938 Quia
2687 4874 2780 4946 qui
2813 4876 2955 4947 rapit
2982 4875 3266 4948 pecuniam
3301 4876 3542 4948 proximi
3565 4878 3654 4932 sui
3685 4875 3815 4931 ini-

2195 4961 2456 5033 quitatem
2491 4961 2622 5019 facit
2656 4981 2666 5019 :
2707 4966 2801 5036 qui
2833 4981 2944 5021 non
2975 4969 3152 5022 solum
3201 4967 3472 5040 sacrilegi,
3509 4967 3605 5023 sed
3638 4967 3808 5022 etiam

2192 5049 2340 5107 fures
2371 5051 2643 5125 sacrilegi,
2677 5061 2730 5108 et
2773 5054 2887 5126 lupi
2927 5063 3088 5127 atque
3122 5055 3435 5123 homicida,
3474 5072 3810 5130 pauperum.

2193 5159 2296 5214 que
2327 5150 2603 5198 necatores
2639 5151 2787 5212 sunt,
2829 5152 2882 5199 et
2914 5145 3139 5218 insuper
3175 5147 3542 5202 anatbematis
3577 5146 3813 5203 vinculo

2191 5231 2436 5288 damnati
2466 5248 2648 5288 coram
2679 5233 2793 5288 Deo
2823 5242 2877 5291 et
2906 5235 3111 5290 sanctis
3140 5233 3259 5306 ejus
3287 5234 3631 5292 efﬁciuntur.

2191 5357 2322 5416 CAP.
2362 5357 2507 5432 VII}.
2561 5358 2622 5414 Ut
2667 5375 2840 5413 omnes
2882 5366 3169 5431 agnoscant
3210 5367 3468 5432 quantum
3497 5363 3709 5418 rnatum
3741 5359 3811 5414 sit

2435 5430 2544 5487 Deo
2571 5437 2830 5501 sacratas,
2871 5430 2951 5487 uel
2989 5430 3232 5503 reliquas
3269 5434 3545 5491 incestare.

2577 5537 2665 5594 Ex
2694 5537 2883 5596 eodem
2922 5539 3086 5610 libro,
3119 5557 3238 5615 cap.
3271 5541 3395 5599 425.

2260 5659 2362 5732 (vx,
2395 5657 2546 5730 319.)
2584 5657 2847 5716 Jubemus
2873 5676 3064 5718 omnes
3090 5662 3249 5730 scire,
3282 5660 3657 5735 omnibusque
3688 5675 3811 5735 po-

2183 5749 2328 5822 pulis
2356 5766 2388 5807 a
2413 5751 2792 5811 sacerdotibus
2838 5750 3150 5825 praedicari,
3197 5759 3468 5826 quantum
3497 5753 3714 5808 malum
3751 5758 3810 5807 et
