4078 6182
264 349 398 409 1101

247 965 531 1023 peccatum
559 956 767 1032 duplex
795 979 911 1021 esse
942 983 1053 1024 non
1083 969 1312 1030 dubium
1344 983 1445 1033 est.
1470 977 1639 1036 Verbi
1670 985 1845 1053 gratia

244 1038 514 1114 dicamus,
534 1046 695 1120 cujus
718 1051 975 1112 vindictae
995 1074 1119 1115 reus
1138 1061 1211 1118 sit
1230 1079 1365 1135 puer
1390 1073 1519 1122 ante
1548 1067 1840 1130 dominum

243 1149 428 1205 suum,
459 1139 554 1211 qui
581 1155 811 1200 uxorem
838 1145 1052 1206 domini
1079 1152 1164 1208 sui
1194 1153 1470 1214 adulterio
1499 1160 1793 1220 violaverit
1822 1181 1863 1221 :.

241 1232 451 1313 quanto
482 1229 655 1301 magis
690 1231 805 1303 ille,
839 1236 934 1309 qui
982 1254 1237 1313 sponsam
1301 1244 1509 1304 Christi
1564 1250 1838 1312 Creatoris

238 1312 365 1369 οωἰί
396 1323 451 1372 et
477 1322 636 1375 terras
668 1324 959 1393 putredine
989 1312 1088 1384 sua
1117 1330 1368 1390 lubidinis
1398 1343 1835 1401 commaculave-

238 1402 354 1459 rit?
382 1403 601 1465 dicente
625 1415 783 1469 beato
805 1414 977 1473 Paulo
1017 1422 1268 1492 apostolo
1312 1442 1324 1480 :
1356 1427 1446 1483 An
1470 1430 1680 1487 nescitis
1704 1435 1835 1505 quia

236 1494 414 1567 iniqui
457 1516 675 1571 regnum
702 1506 798 1560 Dei
824 1524 929 1563 non
951 1510 1342 1581 possidebunt?
1390 1518 1566 1576 Nolite
1625 1494 1828 1597 errare,

232 1584 367 1656 quia
392 1603 557 1660 neque
588 1590 896 1665 fornicarii,
932 1615 1095 1670 neque
1134 1601 1294 1659 idolis
1330 1609 1626 1681 servientes,
1670 1584 1833 1687 neque

230 1674 488 1746 adultni,
514 1694 679 1751 neque
712 1686 914 1755 molles,
946 1705 1109 1760 neque
1136 1695 1497 1769 masculorum
1521 1674 1829 1760 concubito-

230 1779 336 1833 res,
379 1784 544 1839 neque
566 1774 830 1846 maledici,
860 1793 1022 1851 neque
1059 1799 1297 1855 rapaces,
1328 1802 1548 1859 regnum
1576 1791 1677 1849 Dei
1697 1812 1824 1867 pos-

228 1853 474 1914 sidebunt
504 1860 594 1931 (II
625 1863 749 1921 Cor.
782 1866 890 1934 vr).

227 1978 363 2063 CAP:
390 1981 826 2075 IX.jUt‘capitali
848 1995 1100 2075 sententia
1130 1999 1451 2075 mulctentur
1480 2004 1575 2075 qui
1601 2007 1822 2063 sacrile-

298 2050 409 2122 gia,
433 2050 731 2181 'attiulteria,
749 2050 1109 2133 prwdationes
1134 2050 1821 2135 dai'véié;

298 2139 479 2181 eumn
508 2170 522 2181 .

297 2139 522 2183 eumut.

680 2221 767 2278 Ex
793 2224 1005 2297 eodem,
1038 2230 1214 2303 capite
1242 2232 1368 2293 422.

300 2314 405 2386 (vr,
438 2314 589 2388 325.)
622 2318 735 2377 Sub
765 2339 926 2395 poena
953 2326 1176 2400 capitali
1198 2332 1502 2406 sacrilegia.
1526 2336 1816 2410 adulteria,

222 2404 608 2478 praedationes,
650 2412 1092 2490 vastationesque
1122 2418 1176 2475 in
1211 2437 1377 2493 regno
1405 2404 1603 2482 nostro
1631 2444 1662 2483 a
1684 2430 1819 2502 qui-

219 2491 547 2570 buscunque
598 2496 717 2556 ﬁeri
775 2503 1148 2575 prohibemus.
1183 2491 1373 2568 Ita'ut
1418 2513 1463 2569 si
1507 2491 1818 2574 voluntarie

219 2585 349 2659 quis
375 2604 446 2644 ex
473 2589 561 2647 his
590 2607 760 2650 unum
793 2595 1003 2665 fecerit,
1037 2598 1104 2655 de
1132 2601 1249 2657 vita
1275 2615 1589 2679 componat,
1620 2617 1673 2666 et
1702 2626 1815 2666 om-

217 2691 318 2732 nes
349 2694 435 2735 res
462 2678 602 2751 ejus,
653 2689 764 2740 tam
813 2686 1044 2744 mobiles
1087 2705 1250 2763 quam
1298 2678 1630 2766 immobiles,
1682 2698 1815 2758 ﬁsco

217 2773 415 2824 nostro
443 2769 747 2842 socientur,
774 2776 860 2831 vel
891 2776 1151 2835 Ecclesiae
1176 2779 1335 2852 cujus
1376 2800 1462 2840 res
1490 2791 1809 2860 vastaverit,

217 2855 307 2911 vel
333 2857 677 2931 alienaverit,
707 2871 801 2919 aut
828 2863 1138 2937 abstulerit,
1176 2870 1478 2931 tradantur.
1512 2876 1811 2937 Maximum

217 2943 368 3001 enim
409 2949 755 3023 sacrilegium
787 2961 868 3009 est
897 2955 1205 3015 oblationes
1235 2960 1504 3030 ﬁdelium,
1536 2981 1656 3041 quae
1684 2978 1813 3026 sunt

217 3048 310 3089 res
328 3036 706 3110 ecclesiarum,
728 3042 965 3110 auferre,
985 3054 1222 3116 vastare,
1246 3050 1506 3122 alienare,
1532 3054 1809 3127 invadere,

216 3124 311 3178 vel
335 3124 809 3199 subripere.Nam,
832 3139 894 3188 ut
912 3134 989 3188 ait
1017 3134 1321 3209 Scriptura,
1350 3157 1511 3212 neque
1546 3124 1808 3219 sacrilegi,

214 3227 386 3283 neque
412 3216 661 3287 adulteri,
702 3236 876 3293 neque
903 3224 1211 3296 praedones,
1243 3230 1330 3285 vel
1361 3241 1678 3304 vastatores,
1715 3216 1812 3293 re-

206 3317 370 3373 gnum
400 3305 500 3361 Dei
519 3309 875 3379 possidebunt.
907 3315 980 3369 Et
1007 3313 1056 3369 si
1087 3314 1144 3370 bi
1177 3317 1269 3391 qui
1301 3336 1386 3376 res
1415 3321 1647 3380 fratrum
1678 3325 1810 3383 diri-

207 3395 396 3467 piunt,
432 3413 463 3453 a
494 3415 659 3472 regno
686 3404 782 3460 Dei
814 3405 982 3462 alieni
1015 3415 1162 3477 sunt,
1194 3410 1328 3483 quid
1354 3430 1517 3486 super
1555 3416 1640 3474 his
1688 3418 1806 3477 fieri

202 3487 443 3557 putatis,
473 3489 569 3561 qui
600 3507 685 3548 res
713 3493 825 3549 Deo
850 3496 1058 3552 dicatas
1086 3497 1360 3572 diripiunt
1388 3505 1475 3559 vel
1508 3506 1810 3565 auferunt?

198 3573 347 3631 Nam
374 3588 583 3650 quanto
609 3582 830 3651 gravius
854 3587 976 3658 quis
1007 3586 1066 3643 in
1092 3588 1197 3646 hoc
1216 3592 1418 3648 saeculo
1438 3604 1809 3665 peccat,tanto

196 3665 437 3736 gravius
462 3666 524 3723 in
553 3667 772 3727 inferno
804 3675 1165 3748 torquebitur.

239 3788 381 3847 CAP.
424 3787 497 3847 Χ.
529 3791 607 3848 De
628 3787 775 3866 plebe
807 3800 1063 3857 adversus
1088 3804 1375 3878 sacrilegos
1402 3808 1765 3868 custodienda.

662 3885 745 3942 Ex
782 3888 926 3945 libro
955 3908 1057 3959 vn,
1096 3910 1215 3966 cap.
1250 3897 1338 3953 55.

280 3981 408 4051 (vn,
439 3980 554 4054 37.)
586 3981 733 4039 Ante
759 3984 1002 4042 tribunal
1019 3990 1244 4046 Domini
1268 3992 1335 4048 de
1357 4004 1511 4053 reatu
1530 4000 1805 4072 negligen-

197 4068 300 4124 tiae
320 4082 380 4123 se
404 4084 516 4125 non
539 4072 744 4143 poterit
762 4078 1156 4151 excusare,qui
1185 4080 1398 4153 plebem
1430 4102 1585 4142 suam
1608 4068 1807 4146 contra

197 4162 489 4234 sacrilegae
518 4167 892 4238 persuasionis
920 4178 1171 4229 auctores
1213 4173 1455 4233 noluerit
1500 4179 1802 4237 custodire.

673 4317 1071 4379 TITULUS
1139 4324 1348 4384 VIII.

776 4428 849 4468 DE
886 4428 1247 4472 JURAMBNTIS.

308 4524 445 4585 Car.
485 4525 530 4582 Ι.
560 4524 641 4582 De
675 4531 1022 4587 sacramentis
1058 4532 1243 4589 leviter
1283 4551 1392 4590 non
1410 4534 1688 4607 jurandis.

663 4617 752 4674 Ex
782 4620 927 4678 libro
968 4638 1026 4692 v,
1058 4640 1177 4697 cap.
1210 4624 1335 4684 349.

270 4712 421 4788 (Lib.
454 4734 491 4773 v
520 4716 849 4790 Capitular.,
879 4739 1000 4795 cap.
1037 4725 1187 4799 197.)
1223 4726 1492 4787 Volumus
1522 4737 1585 4787 ut
1621 4747 1795 4789 sacra-

188 4813 381 4861 menta
412 4806 525 4863 cito
543 4823 656 4865 non
689 4808 826 4867 ﬁant
854 4828 865 4866 :
904 4812 999 4870 sed
1024 4819 1401 4892 unusquisque
1422 4819 1597 4893 judex
1642 4822 1794 4895 prius

186 4911 418 4953 causam
450 4898 722 4955 veraciter
747 4911 1059 4974 cognoscat,
1108 4915 1171 4964 ut
1217 4923 1342 4964 eum
1394 4911 1597 4969 veritas
1627 4912 1793 4970 latere

188 4999 310 5042 non
343 4986 536 5059 possit,
566 5003 636 5044 ne
666 4989 827 5047 facile
854 4991 923 5048 ad
950 5006 1351 5054 sacramentum
1381 5000 1628 5063 veniant.

521 5110 655 5171 CAP.
689 5115 758 5171 Il.
790 5117 870 5173 De
897 5118 1158 5190 perjuriis
1198 5124 1460 5182 cavendis.

648 5206 736 5262 Ex
762 5208 905 5267 libro
935 5229 1016 5281 vr,
1056 5229 1175 5286 cap.
1207 5214 1330 5272 278.

269 5298 383 5370 (ιιι,
426 5293 542 5371 10.)
591 5301 951 5377 Praecipimus
979 5318 1040 5364 ut
1069 5308 1309 5382 perjnria
1340 5320 1655 5383 caveantur,
1688 5331 1791 5374 nec

186 5384 568 5444 admittantur
587 5396 755 5449 testes
774 5394 842 5451 ad
862 5393 1240 5467 juramentum
1271 5408 1564 5473 antequam
1593 5401 1790 5460 discu-
1818 5404 1827 5415 “

178 5475 408 5532 tiantur
437 5492 450 5531 :
477 5485 534 5533 et
563 5479 609 5535 si
638 5480 801 5538 aliter
833 5483 1036 5543 discuti
1066 5503 1177 5543 non
1208 5488 1439 5561 possint,
1471 5500 1790 5564 separentur

180 5563 262 5621 ab
290 5563 558 5637 invicem,
581 5575 637 5626 et
654 5570 1010 5644 singulariter
1030 5576 1402 5650 inquiruntur.
1424 5579 1497 5637 Et
1520 5563 1630 5638 non
1662 5582 1790 5641 licet

178 5653 299 5712 soli
330 5658 637 5715 accusatori
669 5667 832 5719 testes
869 5664 1069 5737 eligere
1097 5664 1319 5726 absente
1357 5684 1458 5727 suo
1482 5681 1783 5739 causatore.

177 5744 264 5802 Et
292 5747 529 5806 omnino
556 5750 747 5811 nullus
767 5752 876 5811 nisi
890 5752 1115 5826 jejunus
1133 5758 1202 5818 ad
1217 5756 1593 5830 juramentum
1610 5762 1696 5817 vel
1719 5761 1787 5819 ad

1739 383 2080 446 GANONES.

257 518 422 574 quam
445 508 758 567 maximum
777 511 1048 585 ﬂagitium
1068 518 1161 588 sit,
1176 534 1302 578 cum
1324 523 1438 582 Deo
1458 525 1674 587 devotis
1696 531 1852 590 femi-

254 593 343 650 nis
362 593 548 652 viduis
569 598 657 655 vel
679 600 1014 676 virginibus,
1036 607 1154 664 sive
1170 626 1296 667 cnm
1320 614 1540 682 velatis,
1563 618 1682 677 sive
1722 617 1848 680 cum

251 681 368 737 Deo
395 683 633 755 devotis,
670 690 1020 767 maximeque
1065 714 1192 754 cum
1240 702 1758 769 sanctimonialibus
1796 720 1850 770 et

250 773 480 830 sacratis
509 776 622 833 Deo
650 777 962 852 virginibus
988 787 1073 842 vel
1104 788 1312 860 viduis,
1344 800 1457 852 tam
1486 797 1544 853 in
1576 810 1845 859 monaste-

249 861 369 931 riis,
402 879 567 936 quam
596 876 754 926 extra
782 877 1133 947 monasteria,
1172 884 1542 945 commisceri.
1571 890 1709 948 Nam
1739 891 1846 951 hoc

1831 4630 1881 4689 D

3419 426 3557 483 1102

1881 549 1933 608 Α
1960 541 2347 603 testimonium
2382 549 2733 614 admittatur.
2766 558 2824 615 Si
2854 576 2984 620 vero
3026 566 3229 642 aliquis
3258 572 3547 648 refutatur,

1961 628 2108 729 dicat
2133 632 2229 691 ille
2254 638 2349 710 qui
2378 654 2505 696 eum
2535 645 2756 718 refutat,
2789 658 2844 707 et
2872 655 3066 725 probet
3091 628 3260 732 q‘uare
3290 628 3456 721 illum
3467 628 3550 725 re:

1959 719 2139 814 cipere
2170 726 2331 783 nolit.
2363 728 2436 786 Et
2465 733 2534 791 de
2582 736 2701 808 ipso
2747 719 2890 814 pago
2918 760 3025 802 non
3074 719 3141 804 de
3182 752 3354 809 altero
3385 763 3550 814 testes

1957 809 2252 884 eligantur,
2277 817 2382 875 nisi
2415 822 2555 881 forte
2601 809 3003 901 longius'extra
3031 840 3357 900 comitatum
3387 862 3547 904 causa

1954 899 2028 956 sit
2057 901 2405 1007 inquirenda.
2436 913 2507 970 Et
2534 915 2581 972 si
2612 899 2736 992 quis
2765 924 3053 985 convictus
3081 929 3249 989 fuerit
3291 935 3543 1007 perjnrii,

1953 992 2144 1062 perdat
2181 1011 2429 1071 manum,
2464 1012 2558 1061 aut
2586 1009 2843 1071 redimat.

2525 1150 2816 1215 TITULUS
2847 1161 2961 1220 'IX.

2426 1264 2502 1304 DE
2542 1267 3045 1320 EXCOMMUNICATIS.

1947 1360 2079 1423 Cap.
2112 1367 2153 1424 I.
2192 1369 2325 1429 Cum
2343 1384 2805 1443 excommunicatis
2823 1406 2929 1444 non
2955 1391 3108 1449 licere
3125 1398 3535 1459 communicare.

2016 1549 2163 1620 (Lib.
2183 1572 2223 1647 _v
2248 1557 2574 1637 Capitular.,
2613 1586 2729 1644 cap.
2756 1549 3043 1647 23.)—Cum
3091 1587 3535 1645 excommunica-

1944 1635 2013 1750 t‘is
2041 1655 2151 1698 non
2182 1644 2347 1706 licere
2375 1659 2808 1733 communicare,
2851 1681 2953 1723 nec
3000 1685 3127 1726 cum
3172 1671 3261 1728 his
3307 1676 3402 1748 qui
3435 1692 3532 1750 per

2793 1723 2807 1733 ι
3172 1723 3258 1728 ----
3310 1723 3402 1748 τ’·
3436 1723 3523 1750 ι’νι

1937 1723 2131 1826 domos
2176 1740 2517 1802 conveniunt
2567 1746 2876 1811 devitantes
2920 1758 3196 1818 orationes
3250 1764 3530 1838 Ecclesiae,

3250 1815 3530 1838 _------w,

1936 1815 2101 1876 simul
2133 1827 2401 1885 orandum
2433 1841 2533 1890 est.
2562 1836 2649 1894 Ab
2673 1841 2782 1898 alia
2808 1846 3037 1904 ecclesia
3065 1865 3176 1907 non
3197 1854 3535 1927 suscipiatur

1860 1911 1908 1970 B
1937 1910 2031 1981 qui
2061 1911 2117 1969 in
2144 1915 2325 1976 aliena
2356 1923 2587 1983 minime
2608 1945 2988 2007 congregatur.

2318 2198 2408 2255 Ex
2434 2203 2627 2262 eodem
2660 2209 2823 2279 libro,
2866 2230 2983 2288 cap.
3020 2216 3143 2276 238.

2005 2286 2085 2385 (ιι,
2113 2288 2229 2361 28).
2260 2293 2315 2350 Si
2349 2299 2471 2369 quis
2502 2286 3015 2370 excommunicatus
3036 2332 3133 2387 pro
3154 2334 3252 2374 suo
3274 2322 3525 2393 neglectu

3036 2371 3054 2387 ι
3115 2371 3118 2372 ν
3276 2371 3523 2393 ηραν-..

1933 2371 2120 2443 fuerit,
2156 2389 2210 2436 et
2235 2389 2482 2458 tempore
2511 2398 3110 2460 excommunicationis
3138 2422 3250 2463 suae
3279 2420 3405 2467 ante
3430 2429 3523 2469 au-

1928 2462 2198 2526 dientiam
2255 2481 2667 2540 communicare
2706 2494 3136 2565 praesumpserit,
3197 2496 3314 2570 ipse
3356 2500 3416 2556 in
3466 2519 3522 2559 se

1927 2555 2300 2623 damnationis
2326 2567 2609 2639 judicetur
2638 2555 2931 2649 protulisse
2949 2555 3306 2645 sententiam.

1996 2672 2126 2733 CAP.
2158 2677 2254 2737 ΙΙΙ.
2288 2682 2367 2738 De
2394 2684 2475 2741 his
2504 2688 2739 2772 quicum
2788 2703 3240 2777 excommunicato
3283 2722 3516 2765 commu-

2566 2775 2877 2824 necaverint.

2317 2846 2403 2904 Ex
2433 2850 2625 2909 eodem
2674 2855 2836 2927 libro,
2868 2877 2986 2934 cap.
3028 2863 3115 2921 75.

1991 2935 2064 3006 (ι,
2095 2937 2211 3012 36.)
2245 2942 2312 2999 Ut
2341 2947 2573 3018 quicum
2591 2958 3073 3017 excommunicato
3099 2969 3516 3040 praesumptiose

1906 3032 2415 3092 .communicaverit
2444 3046 2958 3105 excommunicetur
2986 3059 3040 3108 et
3069 3053 3204 3127 ipse.

1922 3140 2052 3201 CAP.
2094 3146 2191 3205 IV.
2238 3152 2316 3206 De
2367 3154 2449 3209 his
2494 3158 2996 3235 quiepiscoporum
3060 3172 3376 3230 vocationem
3434 3182 3515 3235 vel

2293 3228 2671 3296 correptioneni
2703 3228 3123 3306 contempserint.

2391 3315 2475 3371 Ex
2515 3318 2657 3376 libro
2686 3339 2764 3391 vr,
2796 3340 2915 3397 cap.
2949 3327 3037 3384 88.

1994 3403 2095 3473 (vr,
2127 3406 2244 3479 88.)
2276 3409 2331 3465 Si
2365 3416 2488 3484 quis
2516 3420 2863 3478 saecularium
2888 3432 2999 3481 tam
3029 3427 3253 3501 majoris
3278 3434 3511 3509 ordinis,

1920 3507 2081 3564 quam
2110 3505 2161 3552 et
2188 3495 2485 3571 inferioris,
2519 3517 2803 3577 peccatum
2832 3515 3026 3585 egerit,
3080 3525 3134 3572 et
3166 3532 3398 3580 vocatus
3424 3528 3507 3583 sui

1919 3582 2159 3657 episcopi
2188 3590 2514 3648 auctoritate
2545 3595 2614 3651 ad
2647 3582 3089 3661 emendationem
3136 3625 3201 3665 ac
3226 3614 3512 3682 poeniten-

1919 3670 2053 3728 tiam
2085 3676 2273 3732 venire
2302 3679 2602 3754 distulerit,
2632 3689 2828 3746 tandiu
2865 3692 2938 3747 sit
2961 3694 3028 3749 ab
3048 3670 3295 3757 Ecclesia
3328 3712 3511 3762 extor-

1918 3759 2013 3830 ris,
2042 3771 2096 3819 et
2139 3766 2537 3829 catholicorum
2572 3780 2851 3837 consortio
2888 3795 3276 3860 sequestratus,
3310 3809 3509 3866 quous-

1917 3866 2021 3923 que
2055 3856 2202 3926 quod
2223 3862 2502 3918 commisit
2527 3868 2801 3937 emendet,
2832 3888 2896 3928 ac
2915 3856 3128 3933 reatum
3147 3897 3310 3938 suum
3336 3900 3509 3959 usque

1916 3940 1985 3997 ad
2013 3943 2445 4009 satisfactionem
2477 3958 2741 4015 canonice
2770 3960 2967 4033 diluat,
3000 3975 3162 4041 atque
3187 3940 3506 4032 reconcilia-

1914 4029 2066 4089 tione
2096 4038 2302 4108 prOprii
2334 4041 2575 4116 episcopi
2605 4047 2816 4107 divinis
2835 4055 3088 4124 precibus
3105 4057 3508 4135 indulgentiam

1914 4134 2302 4197 consequatur,
2335 4137 2389 4184 et
2412 4148 2508 4202 per
2536 4138 2756 4193 veniam
2787 4141 3051 4201 Ecclesiae
3081 4134 3311 4220 gremio,
3346 4171 3377 4210 a
3404 4173 3507 4212 cu-

1908 4208 2001 4282 jus
2026 4219 2183 4268 utero
2211 4214 2546 4288 deviaverat,
2578 4233 2798 4294 peracta
2824 4208 3198 4291 satisfactione
3218 4208 3505 4300 ableodem

1915 4300 2237 4359 melioratus
2270 4305 2526 4382 episcopo
2556 4313 2822 4370 canonice
2864 4316 3146 4377 reddatur.

1914 4417 2043 4477 CAP.
2074 4419 2143 4478 V.
2176 4422 2253 4480 De
2280 4424 2387 4511 his.
2414 4428 2507 4511 qui
2554 4430 2791 4511 episcopo
2835 4432 3073 4511 aliquam
3117 4439 3381 4511 injuriam
3423 4448 3505 4503 vel

2353 4498 2808 4558 dehonor'ation'em
2836 4498 3071 4575 fecerim.

2303 4587 2391 4643 Ex
2429 4589 2620 4646 eodem
2652 4591 2816 4663 libro,
2865 4613 2983 4670 cap.
3015 4600 3102 4657 99.

1983 4679 2085 4752 (vr,
2134 4681 2249 4755 98.)
2285 4682 2342 4739 Si
2377 4686 2502 4758 quis
2529 4688 2786 4760 episcopo
2820 4694 3063 4767 aliquam
3107 4698 3370 4772 injuriam
3400 4713 3498 4763 aut

1904 4767 2166 4841 injustam
2197 4772 2687 4836 dehonorationem
2721 4782 2931 4854 fecerit,
2953 4786 3019 4843 de
3043 4767 3495 4867 vita'componat,

1902 4867 1957 4915 et
2006 4862 2193 4917 omnia
2223 4880 2344 4938 quae
2391 4866 2590 4925 habere
2622 4870 2772 4928 visus
2821 4876 2988 4932 fuerit
3029 4879 3292 4939 Ecclesiae
3337 4887 3498 4957 cujus

1903 4950 2192 5025 episcopus
2223 4972 2455 5026 praeesse
2485 4958 2849 5033 dignoscitur,
2884 4965 3237 5040 integerrime
3266 4977 3496 5031 socien-

1902 5047 2018 5107 tur;
2050 5049 2103 5097 et
2132 5044 2289 5101 nobis
2330 5046 2387 5102 in
2423 5049 2592 5121 triplo
2642 5050 2887 5110 bannum
2919 5067 3187 5127 nostrum,
3225 5061 3283 5116 id
3312 5071 3394 5118 est
3424 5082 3494 5120 ιχ

1902 5132 2129 5201 solidos,
2165 5137 2457 5205 persolvat,
2507 5148 2601 5196 aut
2634 5143 2745 5215 ipse
2774 5144 2832 5200 in
2877 5147 3105 5204 servitio
3138 5150 3272 5207 fisco
3302 5162 3493 5212 nostro

1900 5224 2207 5280 serviturus
2253 5243 2467 5301 semper
2512 5232 2772 5303 societur,
2818 5252 2990 5311 usque
3033 5257 3091 5297 se
3120 5243 3394 5303 redimere
3433 5248 3492 5303 in

1900 5312 2068 5385 triplo
2092 5312 2243 5385 justa
2280 5319 2600 5389 wirgildum
2644 5341 2805 5380 suum
2836 5329 3097 5399 potuerit.
3131 5332 3331 5390 Sancta
3360 5352 3491 5393 vero

1898 5400 2145 5460 Ecclesia
2186 5406 2245 5460 in
2303 5410 2679 5481 sacerdotibus
2729 5422 2965 5474 constat.
3029 5420 3242 5479 Idcirco
3294 5442 3489 5500 magna

1899 5510 2058 5567 paena
2092 5495 2364 5567 plectendi
2398 5508 2548 5569 sunt,
2592 5504 2685 5575 qui
2720 5506 2991 5580 episcopis
3028 5512 3115 5566 vel
3150 5495 3488 5588 reliquisvsa-

1896 5582 2211 5642 cerdotibus
2239 5586 2501 5659 injuriam
2525 5592 2610 5648 vel
2640 5598 3031 5655 contumeliam
3074 5601 3328 5663 fecerint.
3351 5608 3485 5666 Nam

1896 5670 2165 5731 detractio
2194 5678 2538 5739 sacerdotum
2583 5683 2652 5740 ad
2698 5684 2983 5746 Christum
3027 5693 3290 5765 pertinet,
3325 5697 3487 5770 cujus

1896 5757 2019 5821 vice
2047 5765 2319 5839 legatione
2339 5768 2396 5825 in
2421 5770 2666 5831 Ecclesia
2693 5773 3024 5849 funguntur.
