4056 6190
554 353 693 410 1103

1656 351 1888 411 ISAACI
1925 350 2241 410 EPISCOPI
2281 348 2741 409 LINGONENSIS

3702 352 3816 409 1104

553 509 686 567 CAP.
720 507 817 568 VI.
865 508 943 564 De
997 523 1104 564 non
1134 505 1564 579 pasvipendenda
1616 505 2143 562 excommunicatione
2170 510 2219 568 Α
2252 503 2475 561 concilii
2509 504 2684 572 legere
2714 503 2958 575 potestis,
2991 517 3088 557 seu
3115 500 3174 556 in
3221 500 3347 558 aliis
3383 510 3696 559 sanctorum
3738 504 3816 560 Pa-

1177 579 1523 635 sacerdotum.

1039 673 1128 728 Ex
1155 670 1364 738 eodem,
1389 687 1507 742 cap.
1541 668 1664 725 248.

627 775 729 844 (νι,
785 771 937 842 224.)
993 771 1208 826 Placuit
1267 778 1327 825 ut
1385 769 1574 824 ﬁdeles
1623 783 1690 822 ne
1737 765 2145 839 parvipendant

551 862 1184 918 excommunicationem
1209 858 1552 916 sacerdotum
1581 858 1806 913 illorum
1838 875 1849 912 :
1883 856 2142 930 quoniam

551 953 598 1007 si
647 952 752 1009 hoc
800 951 1054 1021 fecerint,
1099 950 1246 1022 juste
1293 948 1724 1022 segregabuntur
1759 965 1790 1004 a
1817 955 1963 1004 coetu
1987 945 2143 1006 Chri-

549 1045 876 1100 stianorum.

553 1157 685 1214 CAP.
729 1157 849 1212 VII.
920 1157 984 1212 Ut
1035 1155 1328 1225 quicunque
1382 1153 1685 1222 synodalem
1731 1168 2141 1208 excommunica-

629 1229 820 1283 tionem
875 1233 1232 1298 transgressus
1279 1225 1464 1294 fuerit,
1521 1225 1578 1280 in
1630 1225 1743 1281 alia
1773 1225 1970 1297 synodo
2003 1241 2143 1296 spem

620 1299 1035 1372 recuperationis
1069 1316 1171 1352 non
1197 1298 1402 1352 habent.

1058 1389 1142 1443 Ex
1176 1387 1272 1442 lib.
1306 1405 1405 1456 vn,
1439 1404 1558 1460 cap.
1586 1388 1641 1444 9.

623 1490 749 1561 (vn,
781 1486 861 1558 6.)
895 1487 948 1542 Si
995 1487 1118 1559 quis
1158 1487 1444 1559 episcopus
1493 1485 1785 1541 damnatus
1825 1501 1855 1539 a
1905 1481 2140 1554 synodo,

549 1581 636 1636 vel
669 1580 954 1652 presbyter
982 1586 1076 1633 aut
1102 1577 1365 1633 diaconus
1395 1594 1426 1632 a
1455 1593 1554 1632 suo
1591 1577 1864 1648 episcopo,
1891 1577 2007 1631 ausi
2033 1575 2143 1632 fue-

548 1670 662 1724 rint
691 1669 757 1725 dc
779 1686 930 1726 sacro
951 1669 1260 1724 ministerio
1281 1667 1492 1740 aliquid
1510 1667 1850 1737 contingere,
1874 1665 1990 1721 sive
2017 1666 2144 1738 epi-

547 1777 744 1831 scopus
787 1759 948 1831 juxta
1015 1759 1413 1832 praecedentem
1471 1755 1966 1823 consuetudinem,
2025 1756 2142 1812 sive

2255 602 2400 650 trum
2436 593 2794 666 synodalibus
2813 592 3027 660 edictis,
3051 599 3105 646 et
3127 591 3184 646 in
3204 591 3554 648 Antiocheno
3584 593 3815 664 concilio,

2254 682 2402 754 quod
2429 683 2487 738 bi
2521 683 2616 755 qui
2643 683 2885 739 damnati
2916 689 3043 738 sunt
3073 697 3103 736 a
3133 681 3368 753 synodo,
3401 683 3490 738 vel
3531 699 3564 738 a
3593 699 3689 739 suo
3713 686 3820 757 epi-

2253 788 2438 844 scopo,
2472 780 2525 828 et
2554 783 2741 845 postea
2771 773 3084 829 ministrare
3115 779 3478 844 praesumunt,
3529 774 3822 846 praecipitur

2253 869 2314 916 ut
2341 862 2526 918 nullus
2549 863 2748 919 audeat
2785 863 2863 918 eis
2910 860 3338 918 communicare.
3372 859 3427 915 Si
3459 861 3586 932 quis
3613 878 3732 918 vero
3756 863 3822 919 eis

2251 951 2643 1020 communicat,
2687 951 2858 1008 simili
2904 950 3177 1006 sententia
3243 948 3540 1020 subjaceat,
3601 951 3736 1008 sicut
3779 961 3822 1008 et

2252 1037 2559 1097 damnatus.

2841 1176 3135 1233 TITULUS
3172 1175 3245 1232 X.

2296 1292 2368 1332 DE
2398 1291 2749 1332 STABILITATE
2788 1292 3149 1332 SACERDOTUM
3199 1294 3255 1331 ΙΝ
3295 1291 3510 1331 TITULIS
3539 1291 3791 1334 PBOPRIIS.

2253 1392 2385 1451 CAP.
2419 1393 2462 1450 Ι.
2501 1394 2563 1450 Ut
2586 1393 2807 1448 clericus
2831 1393 2890 1447 in
2916 1393 3128 1447 ecclesia
3150 1393 3208 1518 in
3243 1408 3349 1462 qua
3371 1392 3731 1463 pratitulatus
3758 1399 3825 1449 est

2886 1481 3169 1518 nermanea
3199 1507 3210 1518 .

2881 1481 3210 1536 permaneat.

2717 1564 2804 1619 Ex
2833 1563 2975 1619 libro
3007 1581 3062 1632 v,
3091 1562 3270 1635 capite
3299 1563 3388 1620 28.

2327 1663 2472 1735 (Lib.
2517 1680 2551 1718 v
2583 1664 2910 1735 Capitular.,
2931 1680 3050 1735 cap.
3071 1661 3185 1732 26.)
3219 1662 3494 1719 Clericnm
3531 1680 3829 1737 permanere

2251 1761 2464 1824 oportet
2505 1754 2563 1808 in
2596 1755 2827 1810 ecclesia
2855 1754 2944 1811 cui
2977 1753 3141 1808 initio
3166 1752 3234 1808 ab
3264 1752 3520 1826 episcopo
3550 1755 3828 1826 praetitula-

545 1850 832 1921 presbyter
861 1858 954 1905 aut
983 1849 1267 1913 diaconus,
1314 1846 1470 1900 nullo
1500 1843 1664 1898 modo
1715 1844 1873 1898 liceat
1921 1841 1991 1908 ei,
2041 1855 2141 1894 nec
2174 1874 2219 1934 B
2252 1849 2339 1898 tus
2367 1859 2428 1899 ac
2455 1843 2682 1899 sortitus
2712 1851 2811 1912 est,
2845 1851 2898 1898 et
2926 1844 2991 1898 ad
3013 1859 3177 1916 quam
3198 1842 3452 1914 confugit
3477 1844 3634 1915 quasi
3667 1845 3828 1918 adpo-

547 1935 602 1989 in
634 1937 742 1991 alia
770 1938 980 2008 synodo
1013 1936 1381 1992 restitutionis
1403 1952 1577 2006 spem,
1598 1941 1695 1988 aut
1722 1934 1904 1987 locum
1939 1929 2137 1983 habere

542 2023 951 2088 satisfactionis,
986 2025 1078 2078 sed
1113 2033 1166 2078 et
1193 2024 1666 2079 communicantes
1710 2020 1760 2075 ei
1809 2035 2002 2074 omnes
2043 2017 2134 2072 ab-

537 2111 638 2183 jici
668 2113 735 2169 de
763 2114 1008 2171 Ecclesia
1038 2131 1049 2169 :
1084 2121 1137 2168 et
1169 2113 1411 2167 maxime
1441 2111 1485 2166 si
1517 2120 1805 2184 postquam
1837 2108 2136 2164 didicerint

543 2201 648 2258 hoc
678 2203 1043 2268 factumesse,
1075 2202 1486 2261 communicare
1524 2198 1882 2255 tentaverint.

543 2313 673 2371 CAP.
709 2314 854 2370 VIII.
915 2315 1066 2390 Quod
1113 2311 1553 2390 excomntunicati
1592 2329 1624 2365 a
1655 2309 1942 2390 sacerdote,
1979 2316 2138 2390 ante-

612 2402 771 2456 quam
797 2388 1044 2441 canonice
1072 2385 1499 2452 reconcilientur,
1527 2401 1633 2438 non
1664 2383 1865 2453 possint
1906 2383 2137 2450 majores

609 2465 740 2513 natu
768 2475 1036 2516 accusare.

1023 2550 1109 2605 Ex
1139 2551 1353 2616 eodem,
1382 2565 1499 2621 cap.
1540 2546 1659 2604 180.

613 2645 718 2715 (v1,
753 2644 901 2717 128.)
935 2647 1006 2702 Ut
1033 2647 1547 2704 excommunicatus
1569 2663 1598 2701 a
1626 2646 1930 2716 sacerdote,
1965 2663 2137 2721 quan-

539 2735 638 2790 diu
669 2735 726 2790 in
761 2736 877 2806 ipsa
906 2744 987 2791 est
1013 2738 1608 2806 excommunicatione,
1643 2738 1875 2810 majores
1897 2746 2030 2794 natu
2049 2752 2133 2794 ac-

537 2839 728 2881 cusare
759 2840 869 2877 non
909 2835 1228 2894 praesumat.
1263 2828 1421 2894 Quod
1472 2829 1514 2884 si
1554 2830 1982 2901 praesumpserit,
2020 2846 2131 2885 non

536 2912 855 2985 recipiatur,
899 2913 992 2968 sed
1020 2921 1114 2969 aut
1144 2915 1339 2986 majori
1390 2918 1968 2975 excommunicatione
2000 2917 2130 2974 sub-

531 3000 729 3074 jaceat,
759 3011 854 3059 aut
881 3003 948 3059 ab
971 3003 1218 3060 Ecclesia
1252 3006 1508 3076 pellatur.

535 3100 665 3160 CAP.
698 3101 797 3158 IX.
829 3102 908 3158 De
931 3103 1101 3160 modis
1130 3104 1688 3160 excommunicationis
1721 3112 1827 3162 tam
1863 3107 1925 3163 de
1961 3105 2129 3160 cleri-

1037 3177 1133 3245 cis,
1169 3193 1329 3247 quam
1361 3177 1423 3231 de
1452 3176 1619 3232 laicis.

994 3268 1081 3323 Ex
1112 3267 1254 3324 libro
1283 3285 1339 3337 v,
1371 3268 1548 3340 capite
1569 3267 1656 3325 63.

606 3368 687 3440 (v,
719 3366 836 3440 42.)
865 3367 923 3424 Si
954 3367 1078 3441 quis
1108 3366 1393 3440 presbyter
1425 3366 1494 3422 ab
1523 3367 1778 3440 episcopo
1809 3383 1908 3423 suo
1942 3367 2126 3440 degra-

531 3458 711 3525 datus,
743 3459 833 3514 vel
865 3458 1378 3516 excommunicatus
1409 3458 1597 3525 fuerit,
1640 3466 1693 3514 et
1724 3457 1839 3532 ipse
1869 3475 1964 3530 per
1985 3475 2128 3517 con-

532 3554 802 3618 temptum
857 3555 1043 3619 postea
1092 3547 1308 3618 aliquid
1365 3547 1432 3603 de
1471 3565 1570 3604 suo
1610 3547 1793 3606 ofﬁcio
1832 3548 1951 3604 sine
1979 3565 2124 3604 com-

531 3644 715 3691 meatu
747 3635 924 3691 facere
967 3635 1401 3707 praesumpserit,
1435 3645 1488 3691 et
1526 3645 1714 3707 postea
1752 3636 1819 3691 ab
1869 3636 2124 3709 episcopo

532 3731 815 3796 correptus
847 3732 900 3780 et
929 3724 1444 3780 excommunicatus
1474 3723 1660 3791 fuerit,
1714 3724 1808 3795 qui
1844 3740 1972 3779 cum
2004 3725 2124 3797 ipso

529 3812 1024 3870 communicaverit
1069 3814 1307 3868 scienter
1336 3813 1475 3868 sciat
1509 3828 1564 3866 se
1599 3827 1714 3866 esse
1745 3815 2121 3869 excommuni-

529 3909 713 3956 catum
744 3901 1021 3955 similiter.
1056 3900 1388 3970 Quicunque
1413 3899 1669 3967 clericus,
1692 3907 1786 3954 aut
1808 3899 2004 3968 laicus,
2031 3903 2118 3957 vel

527 3990 759 4056 femina,
808 3990 1080 4048 incestum
1123 3989 1482 4058 commiserit,
1539 3999 1594 4046 et
1622 3989 1690 4046 ab
1733 3991 1987 4064 episcopo
2021 4011 2120 4051 suo

527 4085 814 4149 correptus
841 4095 897 4135 se
928 4078 1220 4134 emendare
1261 4077 1524 4146 noluerit,
1553 4085 1606 4134 et
1650 4079 1718 4135 ab
1750 4080 1868 4154 ipso
1899 4099 2118 4140 excom-

531 4169 846 4224 municatus
875 4168 1064 4237 fuerit,
1098 4167 1195 4240 qui
1229 4175 1414 4240 postea
1443 4184 1570 4225 cum
1601 4169 1721 4242 ipso
1746 4173 2116 4233 communica-

529 4256 694 4325 verit,
725 4257 986 4313 similiter
1024 4257 1554 4314 excommunicetur.
1593 4258 1663 4313 Et
1693 4267 1754 4314 ut
1773 4260 1959 4317 sciatis
1989 4280 2116 4336 qua-

524 4344 595 4400 lis
648 4345 719 4402 sit
766 4347 963 4402 modus
1002 4347 1167 4403 istius
1197 4347 1810 4418 excommunicationis,
1842 4349 1901 4405 in
1931 4353 2116 4410 eccle-

521 4435 660 4492 siam
708 4453 819 4492 non
866 4435 1028 4492 debet
1080 4437 1308 4506 intrare,
1348 4453 1450 4494 nec
1497 4454 1623 4495 cum
1654 4439 1768 4494 ullo
1799 4440 2114 4499 Christiano

520 4522 706 4580 cibum
742 4526 829 4581 vel
876 4534 1066 4599 potum
1115 4544 1348 4597 sumere,
1382 4544 1482 4585 nec
1528 4527 1647 4598 ejus
1694 4545 1922 4586 munera
1951 4532 2112 4604 quis-

2249 1935 2466 1991 tiorem.
2500 1937 2616 1992 Hoc
2642 1943 2824 1990 autem
2859 1935 3188 1991 refutantem
3236 1937 3485 1992 revocari
3528 1937 3724 1994 debere
3768 1939 3826 1994 ad

2247 2042 2397 2080 suam
2421 2025 2702 2082 ecclesiam
2726 2025 2784 2080 in
2812 2042 2919 2097 qua
2951 2024 3206 2096 primitus
3235 2025 3524 2081 ordinatus
3553 2036 3654 2095 est,
3676 2035 3729 2083 et
3759 2026 3822 2082 ibi

2245 2115 2630 2170 tantummodo
2663 2114 2996 2170 ministrare.
3030 2115 3084 2171 Si
3119 2114 3241 2187 quis
3270 2115 3412 2171 hanc
3460 2116 3825 2174 deﬁnitionem

2247 2213 2613 2277 transgressus
2633 2205 2820 2276 fuerit,
2839 2207 3084 2264 decrevit
3099 2217 3284 2264 sancta
3302 2208 3553 2281 synodus
3570 2226 3602 2264 a
3624 2211 3826 2282 proprio

2248 2294 2417 2366 gradu
2445 2294 2717 2351 decidere.

2247 2400 2376 2468 CAP.
2405 2412 2472 2467 II.
2532 2413 2595 2468 Ut
2623 2413 2678 2466 in
2708 2413 2876 2469 titulis
2914 2413 2970 2468 in
3004 2413 3194 2486 quibus
3216 2414 3512 2486 presbyteri
3541 2433 3825 2471 consecran-

2319 2489 2435 2609 tur;
2455 2491 2576 2539 ante
2606 2501 2757 2539 suam
2789 2485 3174 2557 promotionem
3218 2485 3563 2542 stabilitatem
3601 2490 3822 2560 promit-

2339 2572 2409 2609 an
2439 2597 2452 2609 .

2339 2572 2452 2611 ant.

2705 2648 2792 2703 Ex
2839 2647 3051 2718 eodem,
3082 2650 3259 2722 capite
3291 2650 3392 2718 75._

2317 2743 2396 2813 (ν,
2441 2742 2588 2814 108.)
2623 2744 2693 2801 Ut
2723 2745 3050 2818 presbyteri,
3084 2748 3179 2819 qui
3211 2746 3270 2802 in
3304 2748 3484 2804 titulis
3519 2766 3820 2807 consecran-

2243 2838 2353 2899 tur,
2385 2834 2688 2889 secundum
2717 2851 2972 2904 canones,
3002 2844 3295 2908 antequam
3326 2836 3677 2908 ordinentur,
3703 2856 3822 2912 pro-

2243 2919 2561 2976 missionem
2591 2921 2910 2979 stabilitatis
2941 2924 3047 2980 loci
3079 2924 3235 2980 illius
3265 2924 3496 2982 faciant.

2811 3058 3102 3116 TITULUS
3165 3059 3262 3117 XI.

2240 3171 2520 3212 INCIPIUNT
2558 3172 2688 3212 ALIA
2720 3173 2986 3213 CAPITULA
3027 3176 3101 3214 EX
3131 3177 3353 3228 QUINTO,
3397 3177 3570 3218 SEXTO
3613 3179 3682 3218 ΕΤ
3717 3180 3823 3220 8ΕΡ⁶

2306 3243 2439 3282 TIMO
2496 3244 2656 3282 LIBRO
2713 3245 3070 3286 CAPITULABIS
3118 3248 3414 3301 COLLECTA,
3456 3251 3606 3290 SATIS
3643 3252 3824 3292 ECCLE‘

2310 3315 2566 3355 SIASTICIS
2607 3316 2985 3358 UTILITATIBUS
3025 3320 3299 3361 (IONGRUA.

2238 3416 2369 3474 CAP.
2399 3418 2440 3475 Ι.
2469 3419 2546 3474 De
2575 3435 2630 3474 eo
2655 3420 2746 3490 qui
2773 3421 3062 3504 ﬁliastruin
3090 3429 3185 3477 aut
3223 3423 3519 3504 .ﬁliastram
3560 3434 3684 3482 ante
3714 3429 3826 3499 epi-

2794 3508 3006 3564 scopum
3032 3500 3271 3568 tenuerit.

2671 3589 2757 3644 Ex
2782 3589 2926 3646 libro
2957 3609 3011 3659 v,
3044 3593 3285 3664 capitulo
3325 3594 3375 3650 7.

2307 3685 2448 3757 (Lib.
2481 3705 2517 3743 v
2550 3687 2810 3759 Capitul.,
2843 3705 2962 3761 cap.
2997 3691 3078 3762 5.)
3112 3690 3167 3748 Si
3217 3693 3339 3766 quis
3387 3693 3686 3752 ﬁliastrum
3735 3704 3824 3753 aut

2232 3773 2516 3831 ﬁliastram
2543 3785 2668 3832 ante
2697 3778 3012 3851 episcopum
3039 3780 3108 3835 ad
3137 3781 3624 3841 conﬁrmationem
3647 3794 3824 3843 tenue-

2231 3861 2322 3929 rit,
2347 3872 2628 3935 separetur
2646 3867 2713 3922 ab
2737 3884 2911 3924 uxore
2939 3885 3057 3938 sua,
3092 3879 3146 3928 et
3172 3871 3399 3928 alteram
3427 3890 3541 3930 non
3571 3877 3821 3950 accipiat.

2230 3950 2497 4009 Similiter
2521 3963 2574 4011 et
2605 3958 2805 4013 mulier
2828 3958 3063 4015 alterum
3095 3977 3208 4016 non
3247 3962 3503 4035 accipiat.

2229 4065 2361 4125 CAP.
2401 4070 2470 4126 ΙΙ.
2491 4070 2567 4146 De
2593 4089 2649 4146 eo
2678 4075 2772 4143 qui
2802 4074 3090 4146 ﬁliastram
3120 4093 3275 4134 suam
3294 4084 3478 4135 contra
3508 4082 3825 4140 voluntatem

2537 4144 2704 4213 ipsius
2742 4144 2941 4200 dederit
2972 4147 3194 4219 ingenuo
3227 4151 3306 4206 vel
3336 4168 3509 4210 servo.

2632 4235 2720 4289 Ex
2748 4235 2937 4292 eodem
2970 4238 3132 4307 libro,
3161 4257 3279 4313 cap.
3318 4242 3405 4298 19.

2300 4330 2379 4402 (v,
2405 4331 2516 4404 17.)
2549 4331 2604 4388 Si
2634 4332 2756 4405 quis
2783 4333 2950 4390 homo
2980 4334 3264 4393 ﬁliastram
3296 4355 3450 4396 suam
3492 4351 3691 4400 contra
3721 4362 3832 4401 vo-

2224 4417 2489 4476 luntatem
2517 4421 2707 4494 ipsius,
2750 4433 2804 4481 et
2857 4425 3069 4496 matris,
3131 4436 3184 4484 et
3235 4438 3544 4501 parentum,
3609 4435 3830 4493 dederit

2221 4507 2343 4564 viro
2374 4509 2633 4582 ingenuo,
2657 4523 2752 4570 aut
2777 4516 3166 4586 ecclesiastico,
3199 4519 3290 4574 vel
3315 4537 3498 4590 servo,
3520 4530 3576 4578 et
3603 4525 3704 4580 illa
3734 4542 3829 4582 no-

519 4630 689 4687 quam
713 4597 960 4687 accipe—3m
1008 4615 1189 4684 debet,
1241 4617 1329 4671 vel
1377 4597 1629 4673 oscula",
1675 4597 1985 4690 porrigere;
2006 4639 2108 4682 nec
2140 4597 2186 4654 D
2215 4598 2382 4690 luerit
2410 4599 2611 4659 habere
2641 4605 2819 4674 illum,
2852 4613 2906 4662 et
2954 4607 3242 4680 reliquerit
3290 4625 3435 4680 eum,
3480 4620 3823 4684 potestatem

519 4703 769 4758 oratione
798 4719 854 4757 se
872 4702 1123 4775 jungere,
1155 4721 1256 4762 nec
1288 4707 1546 4775 salutare,
1576 4717 1867 4781 antequam
1895 4711 1963 4768 ab
1994 4713 2106 4786 epi-

519 4806 685 4861 scopo
716 4806 815 4845 suo
855 4790 928 4845 sit
971 4793 1378 4850 reconciliatus.
1411 4795 1566 4862 Quod
1597 4796 1641 4850 si
1685 4798 1886 4869 aliquis
1924 4817 1980 4856 se
2009 4819 2108 4858 re-

514 4883 837 4939 clamaverit
863 4882 1010 4955 quod
1033 4883 1237 4954 injuste
1268 4885 1340 4941 sit
1371 4887 1909 4959 excommunicatus,
1937 4892 2102 4950 licen-

511 4972 648 5028 tiam
674 4971 869 5029 babeat
897 4973 966 5027 ad
996 4973 1484 5046 metropolitanum
1527 4976 1844 5050 episcopum
1874 4982 2064 5038 venire
2082 5026 2098 5053 ,

511 5070 570 5117 ut
597 5061 804 5117 ibidem
837 5062 1139 5119 secundum
1169 5063 1487 5122 canonicam
1523 5065 1930 5126 institutionem
1958 5072 2100 5144 diju-

509 5153 744 5223 dicetur,
777 5162 830 5209 et
850 5153 1071 5211 interim
1096 5172 1248 5211 suam
1266 5158 1895 5216 excommunicationem
1918 5171 2098 5218 custo-

507 5243 640 5300 diat.
675 5244 833 5312 Quod
875 5245 922 5301 si
970 5245 1171 5318 aliquis
1218 5246 1323 5303 ista
1351 5248 1539 5304 omnia
1565 5251 1996 5322 contempserit,
2043 5260 2097 5308 et

505 5333 794 5406 episcopus
823 5334 928 5393 hoc
955 5335 1247 5392 emendare
1277 5336 1508 5393 minime
1536 5339 1797 5411 potuerit,
1843 5340 1986 5414 regis
2008 5339 2095 5412 ju-

504 5418 653 5476 dicio
681 5424 1099 5482 condemnetur.

891 5525 1026 5583 CAP.
1068 5525 1139 5582 X.
1173 5527 1305 5582 Item
1333 5529 1395 5583 de
1419 5530 1595 5585 eadem
1618 5549 1694 5587 re.

872 5613 959 5669 Ex
986 5615 1177 5671 eodem
1214 5619 1377 5688 libro,
1415 5621 1594 5693 capite
1624 5621 1711 5678 64.

569 5703 696 5765 Haec
724 5724 854 5766 vero
892 5728 987 5783 per
1016 5716 1233 5784 singula
1258 5717 1499 5789 capitula
1528 5718 1587 5775 in
1627 5718 1848 5776 statutis
1877 5719 2086 5778 Nicaani

2217 4687 2452 4746 habeant
2481 4700 2738 4765 parentes
2764 4694 2916 4752 illius
2943 4695 3072 4752 dare
3101 4697 3186 4753 illi
3217 4698 3386 4754 alium
3418 4703 3714 4760 maritum.

2501 4811 2631 4869 CAP.
2664 4813 2760 4870 III.
2790 4815 2869 4870 De
2885 4815 3189 4887 presbytero
3215 4817 3525 4890 suspicioso.

2702 4905 2790 4959 Ex
2833 4905 3042 4974 eodem,
3071 4924 3190 4979 cap.
3223 4908 3310 4965 36.

2281 4996 2541 5055 Sacerdos
2585 5000 2630 5056 si
2678 5003 3012 5074 suspiciosus
3045 5013 3140 5060 aut
3170 5007 3519 5064 incredibilis
3553 5026 3661 5066 suo
3698 5011 3833 5083 epi-

2209 5102 2392 5159 scOpo,
2434 5096 2528 5144 aut
2557 5090 2783 5162 reliquis
2812 5093 2926 5148 suis
2954 5095 3461 5165 consacerdotibus,
3497 5097 3623 5154 sive
3655 5100 3833 5156 bonis

2207 5183 2261 5231 et
2283 5175 2449 5246 justis
2479 5178 2544 5233 de
2573 5195 2671 5234 suo
2709 5182 2912 5252 populo
2945 5184 3028 5238 vel
3059 5183 3126 5240 de
3155 5201 3253 5240 sua
3291 5185 3447 5257 plebe
3479 5188 3830 5243 hominibus

2206 5265 2392 5335 fuerit,
2413 5282 2481 5322 ne
2511 5267 2570 5322 in
2599 5269 2851 5341 crimine,
2869 5282 2965 5328 aut
2996 5273 3055 5328 in
3083 5274 3348 5346 praedicta
3377 5277 3712 5348 suspicione
3742 5295 3831 5335 re-

2206 5363 2440 5425 maneat,
2472 5373 2598 5413 cum
2627 5358 2806 5416 tribus
2833 5369 2928 5416 aut
2957 5361 3203 5434 quinque
3254 5365 3344 5420 vel
3387 5374 3603 5439 septem
3653 5367 3832 5424 bonis

2203 5461 2266 5504 ac
2294 5448 2494 5504 vicinis
2534 5452 3035 5522 consacerdotibus,
3087 5456 3346 5527 exemplo
3397 5457 3604 5514 Leonis
3635 5475 3830 5532 papae,

2201 5537 2296 5608 qui
2325 5537 2615 5596 duodecim
2645 5541 2930 5615 episcopos
2971 5543 3030 5598 in
3078 5561 3178 5600 sua
3210 5547 3538 5618 purgatione
3587 5548 3831 5612 habuit,

2199 5625 2288 5681 vel
2325 5643 2388 5682 eo
2416 5629 2671 5702 amplius,
2691 5631 2738 5687 si
2760 5647 2861 5688 suo
2882 5633 3137 5706 episcopo
3167 5635 3350 5690 visum
3382 5635 3576 5702 fuerit,
3599 5645 3704 5692 aut
3729 5652 3832 5692 ne-

2197 5737 2345 5780 cesse
2374 5733 2596 5797 propter
2625 5728 2924 5786 tumultum
2957 5731 3144 5803 p0puli
3195 5730 3252 5786 id
3283 5746 3398 5787 esse
3428 5733 3829 5805 perspexerit,
