4078 6182
299 340 438 400 1105

1781 335 2122 394 CANONES.

3459 330 3597 390 1106

292 501 348 552 et
367 509 494 552 cum
521 491 647 548 aliis
664 490 826 548 bonis
841 497 894 547 et
903 489 1070 562 justis
1095 488 1434 558 hominibus,
1462 504 1518 545 se
1547 497 1883 545 sacramento
1912 491 1962 549 A
1990 485 2224 543 Sabbato
2255 485 2620 556 Pentecostes,
2645 485 2690 540 si
2721 485 2814 559 qui
2852 484 3028 540 velint
3065 497 3263 557 aquam
3292 499 3595 543 consecra-

289 599 475 644 coram
508 582 711 654 populo
754 597 919 654 super
968 590 1203 654 quatuor
1250 580 1552 650 Evangelia
1598 588 1890 653 purgatum

291 672 555 732 Ecclesiae
589 671 801 728 reddat.
835 671 891 727 Si
923 670 1048 743 quis
1076 678 1259 726 autem
1291 670 1430 726 scire
1459 669 1733 726 desiderat
1762 685 1890 742 qua-

290 767 371 822 les
399 770 560 820 testes
607 762 676 818 ad
725 761 1129 818 accusationem
1177 759 1524 816 sacerdotum
1574 760 1741 831 recipi
1787 759 1892 814 de-

287 857 477 924 beant,
509 863 563 910 et
592 853 725 926 quid
752 852 820 908 de
845 860 1159 909 accusatore
1188 851 1500 909 faciendum
1531 852 1622 921 sit,
1653 851 1890 924 pleniter

288 948 347 1003 in
373 944 679 1004 canonibus
709 941 937 1015 reperiri
981 942 1202 1014 poterit.

288 1069 422 1128 CAP.
457 1069 550 1125 IV.
594 1069 658 1124 Ut
675 1064 968 1138 presbyteri
999 1065 1228 1119 chrisma
1261 1063 1538 1135 diligenter
1565 1061 1882 1117 custodiant.

687 1159 774 1212 Ex
806 1157 996 1212 eodem
1028 1155 1188 1223 libro,
1221 1172 1339 1226 cap.
1379 1155 1498 1211 I55.

361 1257 445 1329 (v,
476 1257 595 1328 80.)
621 1254 932 1328 Presbyteri
955 1254 1058 1310 sub
1079 1255 1262 1326 sigillo
1285 1253 1600 1310 custodiant
1619 1251 1880 1319 chrisma,

283 1353 341 1402 et
371 1346 512 1401 nulli
536 1345 637 1400 sub
666 1352 934 1417 praetextu
966 1344 1251 1400 medicinae
1282 1344 1370 1398 vel
1393 1341 1648 1397 maleficii
1679 1339 1883 1396 donare

282 1443 636 1511 praesumant.
674 1435 830 1503 Quod
870 1435 916 1490 si
948 1435 1201 1501 fecerint,
1233 1432 1442 1488 honore
1473 1432 1781 1502 priventur.

551 1560 681 1619 CAP.
718 1560 785 1618 V.
818 1561 949 1616 Item
983 1559 1117 1614 unde
1140 1575 1307 1629 supra
1341 1558 1395 1612 in
1421 1557 1614 1613 eodem.

941 1649 1072 1722 Cap.
1103 1648 1225 1705 104.

353 1753 426 1809 Ut
454 1751 738 1824 presbyter
766 1749 858 1821 qui
889 1755 1140 1804 sanctum
1187 1746 1430 1804 chrisma
1472 1743 1762 1802 donaverit
1806 1742 1876 1799 ad

272 1842 551 1916 judicium
597 1839 1048 1908 subvertendum,
1096 1847 1383 1911 postquam
1443 1838 1510 1894 de
1555 1835 1724 1908 gradu
1777 1851 1875 1890 suo
1907 1855 1952 1915 B

275 1933 561 2006 depositus
590 1931 774 1998 fuerit,
810 1946 1034 1986 manum
1056 1929 1295 1984 amittat.

386 2059 517 2118 CAP.
545 2060 640 2118 VI.
679 2060 744 2116 Ut
770 2059 971 2114 malum
1007 2056 1274 2113 ebrietatis
1313 2054 1524 2111 omnino
1553 2053 1762 2110 vitetur.

775 2151 863 2205 Ex
890 2148 1102 2216 eodem,
1136 2163 1255 2219 cap.
1287 2147 1408 2202 161.

350 2253 431 2324 (ν,
471 2249 587 2322 96.)
621 2249 876 2321 Magnum
909 2247 1114 2301 malum
1144 2243 1445 2312 ebrietatis,
1495 2241 1643 2298 unde
1688 2240 1874 2296 omnia

275 2341 414 2398 vitia
439 2340 735 2413 pullulant,
772 2336 949 2393 modis
985 2334 1243 2390 omnibus
1271 2348 1465 2390 cavere
1497 2331 1868 2404 praecipimus.

273 2429 380 2498 Qui
409 2435 592 2484 autem
622 2425 728 2482 hoc
757 2427 932 2480 vitare
963 2424 1224 2491 noluerit,
1275 2419 1868 2477 excommunicandum

271 2537 400 2577 eum
429 2533 546 2574 esse
576 2515 921 2574 decrevimus
947 2529 1118 2586 usque
1157 2512 1225 2568 ad
1254 2511 1695 2568 emendationem
1727 2524 1870 2565 con-

270 2627 485 2683 gruam.

567 2734 698 2794 CAP.
729 2735 850 2792 VII.
892 2733 969 2788 De
996 2731 1211 2788 ecclesia
1240 2726 1574 2800 wdiﬁcanda.

662 2827 749 2881 Ex
776 2824 966 2881 eodem
994 2823 1158 2890 libro,
1195 2837 1315 2894 cap.
1352 2819 1475 2875 382.

344 2928 428 2998 (v,
452 2924 605 2995 229.)
637 2924 809 2980 Nemo
840 2921 1122 2978 ecclesiam
1153 2919 1387 2976 aedificet
1437 2923 1729 2988 antequam
1779 2913 1869 2970 ci-

263 3014 460 3070 vitatis
506 3013 794 3085 episcopus
842 3011 1050 3078 veniat,
1098 3017 1152 3064 et
1208 3007 1412 3063 ibidem
1463 3023 1680 3062 crucem
1738 3005 1869 3076 figat

265 3105 512 3178 publice,
551 3111 605 3159 et
630 3111 756 3157 ante
786 3098 1056 3172 praefiniat
1087 3097 1180 3170 qui
1222 3096 1492 3152 aediﬁcare
1543 3095 1681 3161 vult,
1731 3093 1866 3166 quid

2002 583 2111 632 tam
2141 575 2209 631 ad
2237 576 2606 648 aspersionem
2656 575 2715 632 in
2755 575 2947 631 domos
2994 591 3119 632 suas
3167 574 3434 646 accipere,
3471 582 3596 632 ante

1999 664 2312 721 chrismatis
2334 665 2608 736 accipiant
2628 665 2991 720 infusionem.

1999 793 2129 850 CAP.
2185 793 2306 848 XII.
2366 793 2443 847 De
2497 792 2892 861 conﬁrmatione
2950 793 3312 863 episcoporum
3375 807 3411 845 a
3447 789 3595 861 plebe

2511 863 2729 918 sollicite
2752 864 3054 932 quaerenda.

2472 955 2558 1008 Ex
2603 953 2814 1020 eodem,
2846 968 2965 1023 cap.
3023 951 3108 1006 73.

2070 1055 2170 1126 (vr,
2203 1053 2320 1123 82.)
2359 1053 2429 1109 Ut
2456 1068 2648 1108 omnes
2677 1051 2978 1106 maximam
3008 1065 3196 1106 curam
3227 1047 3491 1115 habeant,
3523 1064 3593 1103 ne

1995 1144 2113 1200 sine
2141 1137 2559 1199 confirmatione
2601 1139 2843 1213 episcopi
2881 1138 3005 1211 quis
3035 1139 3209 1194 vitam
3241 1137 3420 1206 ﬁniat,
3463 1137 3595 1192 ani-

1995 1249 2190 1306 maque
2223 1230 2588 1304 periclitetur.

1993 1355 2123 1413 CAP.
2147 1356 2296 1411 XIII.
2323 1355 2400 1410 De
2420 1354 2536 1409 viro
2561 1359 2608 1409 et
2631 1351 2850 1408 muliere
2870 1349 2925 1406 in
2944 1349 3288 1407 matrimonio
3306 1350 3587 1421 copulatis,

2061 1433 2108 1482 et
2127 1433 2309 1499 postea
2328 1426 2522 1481 dicente
2543 1444 2603 1480 ea
2624 1441 2729 1479 non
2754 1440 2906 1496 posse
2931 1440 3046 1478 eum
3076 1423 3266 1478 nubere
3281 1438 3408 1476 cum
3436 1439 3516 1479 ea.

2485 1518 2573 1572 Ex
2606 1515 2817 1583 eodem,
2847 1531 2966 1586 cap.
2998 1514 3086 1572 91.

2061 1619 2163 1691 (v1,
2197 1618 2314 1690 55.)
2353 1617 2409 1674 Si
2439 1616 2528 1673 vir
2555 1625 2608 1673 et
2641 1616 2838 1672 mulier
2865 1613 3264 1685 conjunxerint
3291 1629 3349 1670 se
3379 1613 3436 1668 in
3465 1629 3591 1670 ma-

1987 1709 2272 1778 trimonio,
2301 1718 2356 1766 et
2383 1716 2569 1782 postea
2592 1707 2798 1763 dixerit
2830 1705 3032 1761 mulier
3052 1703 3119 1759 de
3147 1703 3270 1759 viro
3294 1719 3406 1759 non
3430 1719 3590 1774 posse

1985 1797 2191 1854 nubere
2220 1816 2346 1855 cum
2378 1813 2458 1866 ea,
2483 1799 2528 1852 si
2552 1797 2795 1870 potuerit
2823 1794 3057 1867 probare
3087 1793 3234 1867 quod
3263 1809 3455 1848 verum
3491 1792 3585 1861 sit,

1985 1888 2219 1961 accipiat
2237 1888 2430 1957 alium,
2461 1905 2524 1943 eo
2549 1888 2697 1960 quod
2713 1887 2876 1958 juxta
2904 1885 3234 1957 Apostolum
3257 1899 3370 1940 non
3402 1883 3588 1955 potuit

1987 1980 2071 2034 illi
2100 1978 2326 2034 reddere
2348 1979 2437 2033 vir
2470 1993 2600 2033 suus
2631 1975 2879 2032 debitum
2914 1976 2970 2045 (Ι
3000 1975 3125 2030 Cor.
3151 1973 3282 2043 vn).

2056 2107 2187 2166 CAP.
2221 2106 2371 2164 XIV.
2403 2105 2480 2162 De
2503 2104 2808 2176 raptoribus
2828 2107 2896 2176 Aet
2930 2099 3102 2171 raptis
3129 2098 3426 2170 virginibus
3458 2103 3507 2154 et

2684 2172 2880 2229 viduis.

2477 2272 2564 2326 Ex
2606 2269 2820 2336 eodem,
2849 2285 2968 2340 cap.
3001 2267 3091 2323 96.

2057 2372 2159 2444 (vr,
2192 2370 2310 2441 95.)
2341 2368 2398 2424 Si
2443 2367 2566 2442 quis
2608 2365 2838 2422 alterius
2872 2378 3146 2436 sponsam,
3180 2363 3453 2435 virginem
3487 2371 3584 2418 aut

1982 2463 2206 2520 viduam
2251 2459 2487 2516 necdum
2537 2457 2917 2528 desponsatam
2957 2454 3200 2527 rapuerit
3237 2454 3326 2509 vel
3369 2455 3585 2509 furatus

1982 2557 2169 2624 fuerit,
2201 2554 2408 2627 placuit
2438 2559 2518 2621 ut,
2551 2552 2667 2607 sive
2696 2565 2814 2605 eam
2854 2556 3041 2621 postea
3070 2546 3438 2618 sponsaverit,
3467 2546 3583 2600 sive

1980 2646 2277 2714 dotaverit,
2308 2646 2425 2701 sive
2450 2657 2580 2709 non,
2603 2641 2721 2696 sive
2742 2655 2868 2695 cum
2895 2645 3186 2710 parentum
3217 2635 3336 2706 ejus
3364 2635 3578 2690 volun-

1979 2744 2090 2793 tate
2111 2750 2438 2810 quocunque
2461 2737 2773 2788 commento
2794 2730 2967 2800 ipsam
2999 2727 3246 2798 accipere
3275 2726 3364 2780 vel
3393 2733 3581 2781 tenere

1979 2830 2239 2904 potuerit,
2286 2841 2569 2898 nunquam
2611 2823 2763 2878 illam
2794 2835 3025 2876 uxorem
3079 2817 3277 2873 habeat
3311 2835 3322 2872 :
3357 2816 3451 2873 sed
3482 2832 3582 2871 ra—

1978 2919 2122 2992 ptori
2154 2925 2248 2972 aut
2276 2915 2386 2971 furi
2435 2914 2734 2979 auferatur,
2777 2919 2830 2966 et
2866 2908 3138 2982 proximis
3167 2907 3282 2962 suis
3314 2906 3425 2962 alio
3449 2906 3573 2961 viro

1980 3018 2223 3080 tempore
2246 3021 2508 3076 congruo,
2532 3003 2576 3059 si
2601 3003 2716 3074 ipsa
2733 2999 2839 3058 hoc
2859 3000 3064 3054 malum
3084 3014 3195 3053 non
3213 2996 3573 3064 consenserit,

1979 3105 2219 3170 nuptura
2241 3095 2559 3167 legibusque
2586 3099 2873 3162 acceptura
2901 3086 3181 3143 reddatur.
3208 3087 3413 3156 Raptor
3439 3100 3570 3139 vero

259 3195 338 3251 ad
365 3194 680 3260 luminaria,
712 3199 765 3247 et
794 3190 861 3246 ad
890 3187 1216 3255 custodiam,
1249 3197 1302 3242 et
1329 3186 1398 3242 ad
1447 3184 1720 3257 stipendia
1759 3201 1867 3240 cu-
1897 3215 1939 3274 Ο
1976 3188 2091 3243 Sive
2121 3188 2232 3252 fur,
2264 3198 2561 3254 omnesque
2589 3181 2639 3235 ei
2671 3177 3095 3242 consentientes,
3148 3173 3372 3246 publica
3401 3174 3571 3244 poeni-

258 3283 489 3340 stodum
534 3282 788 3350 suﬂiciat,
839 3287 893 3335 et
943 3279 1086 3336 facta
1135 3277 1430 3333 donatione
1495 3277 1574 3332 sic
1632 3277 1859 3332 domum

255 3373 521 3430 aedificet.

254 3500 399 3558 CAP.
434 3497 580 3556 VIII.
612 3496 689 3552 De
719 3512 823 3550 non
846 3490 1142 3562 judicando
1188 3503 1502 3560 quemquam
1539 3484 1730 3555 absque
1777 3484 1861 3538 le-

804 3565 982 3636 gitimo
1007 3567 1330 3618 accusatore.

764 3654 845 3708 Ex
878 3653 1086 3716 eodem,
1119 3668 1237 3724 cap.
1273 3652 1398 3710 298.

340 3761 425 3832 (v,
460 3754 611 3827 244.)
642 3752 847 3810 Judicis
877 3770 987 3809 non
1020 3760 1102 3809 est
1131 3752 1434 3826 quemlibet
1466 3751 1736 3824 judicare,
1771 3753 1856 3809 vel

243 3847 654 3912 condemnare,
710 3843 910 3916 absque
939 3842 1188 3914 legitimo
1232 3851 1565 3911 accusatore,
1598 3843 1854 3915 quoniam

247 3945 315 3995 et
369 3932 639 3992 Dominus
682 3932 879 3988 Judam
911 3932 1088 3985 furem
1137 3946 1252 3984 esse
1301 3929 1536 3985 sciebat:
1593 3930 1687 3986 sed
1731 3931 1858 4002 quia

247 4042 374 4084 non
404 4031 484 4080 est
512 4030 816 4088 accusatus,
849 4019 973 4075 ideo
1004 4033 1114 4072 non
1141 4026 1221 4073 est
1250 4017 1472 4088 ejectus.

247 4153 395 4210 CAP.
446 4150 544 4207 IX.
597 4147 750 4218 Quod
800 4145 950 4203 la-icis
993 4161 1100 4272 nqin
1139 4144 1207 4199 sit
1244 4144 1305 4200 de
1350 4143 1600 4215 religione
1640 4159 1859 4215 prwsu-

924 4234 1040 4272 men
1080 4234 1186 4272 um.

924 4234 1168 4272 mendum
1175 4259 1186 4272 .

650 4311 738 4366 Ex
767 4308 959 4366 eodem
995 4307 1156 4374 libro,
1190 4323 1308 4379 cap.
1337 4305 1461 4362 403.

333 4412 414 4482 (v,
448 4410 600 4481 249.)
651 4409 830 4466 Laicis
863 4408 1118 4481 quamvis
1157 4405 1446 4478 religiosis,
1491 4404 1646 4460 nulla
1677 4412 1857 4460 tamen

246 4501 326 4557 de
367 4499 753 4555 ecclesiasticis
799 4495 1175 4564 facultatibus,
1225 4495 1314 4550 vel
1371 4493 1439 4550 de
1493 4496 1606 4550 Deo
1659 4493 1856 4550 dicatis

1971 3276 2144 3332 tentia
2163 3274 2326 3345 juxta
2355 3269 2672 3326 canonicam
2707 3266 3091 3322 auctoritatem
3117 3263 3456 3318 mulctentur
3481 3280 3492 3316 :
3522 3272 3576 3320 et

1971 3363 2240 3436 proximis
2262 3361 2414 3416 illius
2445 3356 2717 3430 quidquid
2738 3354 2942 3426 injuste
2961 3354 3016 3408 in
3047 3361 3159 3409 tam
3193 3350 3428 3406 nefando
3449 3368 3562 3407 sce-

1971 3453 2082 3507 lere
2113 3450 2324 3523 egerint
2354 3449 2412 3502 in
2441 3447 2611 3516 triplo
2642 3451 2995 3515 componant,
3028 3448 3081 3495 et
3121 3456 3569 3513 unamquamque

1970 3556 2085 3596 rem
2115 3537 2368 3594 semotim
2417 3534 2626 3608 legibus
2666 3532 2723 3587 in
2753 3531 2921 3604 triplo
2968 3529 3282 3584 restituant.
3314 3529 3434 3600 Ipsa
3461 3544 3570 3583 au-

1968 3636 2079 3686 tem
2097 3645 2217 3702 quae
2239 3627 2469 3699 rapitur,
2503 3625 2548 3680 si
2578 3631 2672 3678 aut
2697 3623 2897 3694 primo,
2929 3629 3023 3676 aut
3043 3618 3414 3694 postmodum,
3449 3627 3562 3674 tam

1969 3717 2182 3776 nefario
2217 3716 2407 3775 sceleri
2450 3715 2624 3770 libens
2668 3711 3027 3778 consenserit,
3058 3725 3340 3781 nunquam
3383 3717 3572 3780 postea

1967 3810 2159 3877 nubat,
2193 3806 2287 3864 sed
2318 3805 2536 3878 publica
2564 3802 2888 3876 pcnnitentia
2926 3801 3244 3868 mulctetur,
3262 3806 3317 3854 et
3342 3797 3443 3854 sub
3471 3796 3567 3851 tali

1967 3899 2218 3958 custodia
2259 3903 2511 3969 ponatur,
2554 3901 2616 3948 ut
2663 3893 2715 3947 ei
2758 3891 3076 3946 nullatenus
3129 3887 3401 3944 luxuriari
3437 3902 3563 3942 cum

1969 3990 2206 4064 quodam
2235 3987 2414 4044 liceat.
2449 3984 2654 4039 Taliter
2682 3981 2830 4037 enim
2870 3986 3171 4035 memorata
3215 3978 3422 4050 ﬂagitia
3452 3993 3564 4049 pu—

1969 4081 2213 4144 niantur,
2255 4085 2314 4131 ut
2343 4091 2533 4130 omnes
2575 4080 2908 4144 cognoscant
2953 4070 3213 4143 quoniam
3244 4084 3346 4125 nec
3375 4067 3565 4124 saeculi

1971 4175 2113 4245 leges
2141 4179 2252 4225 tam
2283 4166 2534 4223 nefandis
2561 4163 3050 4235 conjunctionibus
3069 4161 3438 4227 consentiant,
3464 4175 3565 4218 nec

1967 4264 2106 4321 sacri
2135 4277 2371 4320 canones
2401 4257 2701 4314 concilium
2722 4255 2899 4308 ullum
2929 4253 3227 4324 prabeant.

1968 4387 2100 4444 CAP.
2132 4385 2256 4442 XV.
2281 4388 2350 4440 De
2380 4382 2460 4438 his
2495 4380 2588 4451 qui
2615 4379 2671 4433 in
2703 4379 2854 4433 domo
2881 4393 2979 4431 sua
3008 4373 3304 4431 oratorium
3322 4372 3558 4445 fecerint.

2356 4479 2443 4534 Ex
2471 4476 2662 4533 eodem
2696 4475 2861 4542 libro,
2893 4489 3012 4544 cap.
3050 4472 3170 4527 102.

247 4589 600 4657 hominibus,
634 4588 846 4660 aliquid
875 4585 1204 4659 disponendi
1234 4583 1570 4641 attribuatur
1599 4584 1850 4640 facultas.
1883 4573 1938 4633 D
2043 4593 2122 4665 (ν,
2167 4589 2315 4660 101,)
2368 4587 2474 4656 Qui
2503 4586 2562 4640 in
2607 4583 2772 4640 domo
2802 4597 2901 4637 sua
2941 4579 3246 4636 oratorium
3279 4575 3558 4644 habuerit,

247 4716 389 4774 CAP.
424 4714 496 4769 X.
535 4716 592 4770 Si
629 4715 749 4786 quis
777 4714 1065 4786 episcopus,
1111 4714 1403 4786 presbyter,
1445 4712 1728 4786 diaconus,
1771 4711 1852 4765 vel

363 4784 732 4854 subdiaconus,
759 4784 830 4841 ad
853 4784 1044 4842 bellum
1059 4784 1390 4857 processerit,
1425 4784 1743 4855 deponatur.

733 4877 820 4931 Ex
853 4876 993 4931 libro
1024 4893 1102 4942 v1,
1133 4892 1252 4947 cap.
1287 4875 1376 4931 61.

329 4974 432 5045 (v1,
465 4973 582 5043 61.)
613 4972 669 5028 Si
697 4974 820 5046 quis
863 4974 1172 5045 episcopus,
1219 4973 1527 5048 presbyter,
1560 4972 1848 5038 diaconus,

236 5064 339 5120 vel
385 5063 775 5130 subdiaconus,
833 5063 901 5119 ad
949 5062 1155 5117 bellum
1215 5062 1559 5132 processerit,
1611 5069 1665 5115 et
1701 5075 1851 5114 arma

233 5155 448 5211 bellica
466 5154 695 5210 indutus
711 5154 879 5210 fuerit
899 5153 967 5210 ad
985 5152 1380 5218 bellicandum,
1402 5151 1470 5206 ab
1491 5153 1645 5206 omni
1668 5153 1850 5209 cilicio

233 5243 574 5315 deponatur,
606 5243 666 5298 in
687 5249 903 5300 tantum
937 5249 999 5299 ut
1027 5257 1128 5299 nec
1174 5241 1368 5297 laicam
1396 5240 1846 5296 communionem

233 5333 467 5390 habeat.

231 5457 384 5516 CAP.
418 5456 517 5512 XI.
565 5456 644 5512 De
685 5455 766 5510 his
813 5453 906 5526 qui
948 5454 1133 5509 volunt
1177 5469 1375 5526 aquam
1411 5457 1765 5507 consecratam
1792 5452 1850 5506 in

695 5525 920 5583 Sabbato
947 5531 1126 5580 sancto
1153 5525 1405 5596 accipere.

658 5617 745 5672 Ex
778 5616 970 5673 eodem
1005 5614 1168 5683 libro,
1199 5630 1318 5687 cap.
1350 5613 1439 5671 82.

319 5710 428 5781 (vr,
463 5713 577 5783 77.)
610 5712 773 5782 Quod
802 5714 862 5770 in
891 5712 1128 5771 Sabbato
1155 5719 1345 5772 sancto
1386 5710 1629 5777 Pascha),
1669 5712 1756 5767 vel
1788 5709 1846 5768 in

1965 4699 2120 4741 orare
2150 4680 2356 4738 ibidem
2398 4684 2594 4751 potest,
2626 4675 2819 4730 missas
2847 4680 3032 4728 tamen
3072 4671 3130 4725 in
3172 4684 3236 4725 eo
3283 4665 3560 4725 celebrare

1963 4789 2075 4829 non
2107 4770 2321 4837 audeat,
2354 4785 2455 4824 nec
2485 4782 2642 4839 agere
2666 4764 2924 4837 cuiquam
2956 4759 3236 4832 permittat
3279 4757 3398 4813 sine
3427 4771 3561 4826 per-

1965 4862 2135 4917 missu
2163 4868 2216 4917 et
2243 4858 2588 4916 dedicatione
2609 4853 2850 4927 episcopi
2881 4851 3034 4906 illius
3066 4849 3194 4906 loci.
3227 4846 3385 4916 Quod
3408 4846 3453 4900 si
3480 4845 3558 4899 fe-

1961 4949 2117 5018 cerit,
2151 4949 2347 5005 domus
2388 4947 2538 5002 illius
2582 4944 2701 5001 ﬁsci
2750 4940 2966 4998 viribus
3011 4936 3316 4993 addicatur.
3363 4933 3559 4990 Comes

1962 5057 2111 5108 vero,
2146 5039 2240 5111 qui
2288 5038 2392 5094 hoc
2426 5035 2707 5106 cognovit,
2744 5040 2798 5088 et
2841 5047 2952 5086 non
2983 5025 3288 5098 prohibuit,
3335 5020 3557 5094 publica

1962 5127 2286 5200 paenitentia
2316 5127 2634 5192 mulctetur,
2667 5123 2754 5178 vel
2785 5121 2993 5176 honore
3032 5115 3301 5188 privetur.

2032 5257 2164 5315 CAP.
2198 5255 2349 5312 XVI.
2390 5255 2470 5312 De
2498 5251 2746 5325 expositis
2775 5245 3069 5318 infantibus
3102 5259 3164 5298 ac
3190 5207 3485 5296 collectione

2660 5337 2840 5377 eorum
2848 5363 2859 5375 .

2420 5421 2508 5476 Ex
2553 5417 2766 5486 eodem,
2797 5429 2915 5487 cap.
2965 5411 3083 5468 154.

2032 5533 2134 5605 (γι,
2170 5529 2318 5601 142.)
2347 5528 2404 5585 Si
2432 5526 2716 5599 expositus
2743 5531 2868 5581 ante
2899 5520 3186 5579 ecclesiam
3224 5516 3550 5589 cujusquam

1956 5620 2125 5677 fuerit
2165 5618 2518 5676 miseratione
2576 5615 2861 5680 collectus,
2913 5607 3332 5670 contestationis
3384 5612 3551 5678 ponat

1956 5710 2245 5783 epistolam
2271 5726 2283 5765 :
2307 5716 2362 5765 et
2393 5707 2440 5764 si
2468 5708 2516 5764 is
2538 5705 2635 5780 qui
2665 5705 2930 5766 collectus
2958 5710 3039 5759 est
3059 5700 3207 5757 intra
3227 5697 3412 5755 decem
3435 5693 3550 5750 dies
