4078 6182
507 312 644 371 1107

1414 308 1649 367 ISAACI
1686 309 2003 368 EPISCOPI
2036 308 2498 368 LINGONENSIS
2536 276 2879 368 CANONES.

3676 308 3819 367 1108

506 464 1229 543 quaasitusagnitusquenon
1246 462 2096 539 fuerit,securusbabeatquicol-
2131 471 2182 530 A
2212 467 2342 526 CAP.
2377 465 2557 523 XXII.
2594 467 2662 523 Ut
2683 464 2981 543 presbyteri
3020 463 3332 543 ingeectesiis
3365 463 3687 543 inconsulto
3713 466 3821 538 epi-

505 558 659 630 legit.
693 556 833 614 Sane
857 556 952 629 qui
979 563 1102 630 post
1129 553 1452 627 praedictum
1490 560 1704 625 tempus
1732 551 1849 625 ejus
1877 555 2099 611 calum-

507 646 689 703 niator
720 646 1012 714 exstiterit,
1054 651 1115 700 ut
1160 643 1460 711 homicida,
1505 643 1872 700 ecclesiastica
1899 642 2099 700 distri-

508 736 692 793 ctione
720 733 1094 803 damnabitur,
1123 734 1267 792 sicut
1289 735 1512 790 Patrum
1562 732 1749 789 sanxit
1777 734 2096 790 auctoritas.

508 857 641 917 CAP.
673 856 848 912 XVII.
883 857 960 911 De
986 871 1212 925 quorum
1239 854 1547 924 baptismate
1572 853 1765 924 absque
1796 854 2100 910 dissimula-

580 928 717 985 tione
743 928 1039 993 dubitatur,
1083 931 1142 981 ut
1168 926 1563 996 rebaptizentur
1586 931 1907 997 praeceptum
1935 932 2026 981 est.

986 1035 1074 1089 Ex
1098 1034 1313 1100 eodem,
1355 1048 1473 1105 cap.
1513 1032 1633 1089 184.

582 1158 687 1228 (vr,
717 1154 866 1224 181.)
890 1154 968 1209 De
985 1152 1187 1225 quibus
1210 1151 1442 1208 dubium
1473 1158 1553 1207 est
1582 1158 1766 1207 utrum
1789 1150 1901 1207 sint
1917 1150 2106 1224 bapti-

508 1245 615 1302 zati
645 1260 713 1300 an
745 1260 877 1313 non,
906 1241 1243 1299 omnimodis
1263 1242 1467 1314 absque
1496 1242 1613 1298 ullo
1641 1241 1902 1314 scrupulo
1929 1241 2104 1314 bapti-

511 1342 739 1391 zentur:
796 1334 884 1389 his
911 1342 1092 1405 tamen
1128 1332 1310 1389 verbis
1352 1332 1666 1406 praemissis,
1716 1333 1835 1387 Non
1867 1339 1911 1388 te
1942 1334 2106 1389 reba—

503 1423 674 1495 ptizo,
708 1422 796 1476 sed
814 1421 862 1476 si
896 1422 1129 1477 nondum
1179 1421 1477 1492 baptizatus
1512 1437 1583 1491 es,
1619 1421 1828 1493 baptizo
1855 1425 1900 1476 te
1931 1419 1984 1475 in
2011 1437 2099 1475 no-

510 1512 648 1567 mine
672 1511 875 1580 Patris,
896 1518 943 1566 et
972 1510 1123 1579 Filii,
1154 1516 1205 1565 et
1228 1510 1458 1582 Spiritus
1490 1511 1678 1567 sancti.

510 1637 642 1697 CAP.
673 1638 876 1697 XVIII.
930 1640 1067 1707 Quot
1100 1638 1207 1694 sint
1237 1638 1345 1694 dies
1386 1637 1779 1711 puriﬁcationis
1841 1637 2105 1694 mulieris.

1000 1739 1088 1795 Ex
1123 1738 1335 1805 eodem,
1364 1753 1484 1809 cap.
1517 1736 1642 1793 207.

2279 554 2431 610 scopo
2450 555 2556 593 non
2584 535 2993 605 constituantur,
3019 540 3099 596 vel
3118 536 3181 593 de
3198 535 3423 593 ecclesiis
3444 535 3822 609 expelluntur.

2696 636 2784 691 Ex
2812 635 3026 704 eodem,
3055 651 3176 709 cap.
3223 633 3347 692 145.

2289 747 2415 818 (vn,
2448 744 2596 815 I20.)
2643 744 2927 802 Sancitum
2957 753 3040 802 est
3075 750 3137 800 ut
3185 743 3304 802 sine
3350 745 3682 803 auctoritate
3724 748 3820 804 vel

2214 854 2481 911 consensu
2510 839 2887 911 episcoporum
2918 837 3225 910 presbyteri
3254 838 3312 894 in
3340 836 3688 911 quibuslibet
3716 856 3823 897 ec-

2213 929 2397 985 clesiis
2417 945 2519 985 nec
2546 929 2975 995 constituantur,
2999 945 3100 986 nec
3129 929 3501 1001 expellantur.
3527 929 3601 986 Et
3625 931 3671 986 si
3694 932 3826 1005 quis

2217 1018 2473 1091 deinceps
2502 1018 2608 1076 hoc
2651 1019 2829 1077 facere
2872 1019 3192 1089 tentaverit,
3242 1018 3499 1093 synodali
3542 1021 3825 1080 sententia

2218 1106 2467 1163 districto
2498 1107 2753 1164 feriatur.

2218 1228 2349 1286 CAP.
2378 1228 2583 1284 XXIII.
2612 1230 2676 1286 Ut
2703 1228 2926 1284 illicitas
2946 1245 3180 1285 accessus
3204 1228 3529 1299 feminarum
3549 1231 3623 1287 ad
3639 1233 3826 1290 altare

2293 1318 2395 1355 non
2417 1301 2534 1382 ﬁat,
2558 1302 2801 1382 nequitia
2827 1300 3036 1382 femina:
3066 1319 3199 1382 uasa
3222 1319 3400 1370 sacra,
3433 1311 3530 1382 aut
3554 1321 3743 1377 corpus
3773 1313 3828 1362 et

2290 1373 2595 1444 sanguinem
2621 1373 2837 1429 Domini
2864 1379 3183 1429 contrectare
3199 1381 3551 1445 praesumant.

2610 1474 2699 1529 Ex
2726 1472 2917 1529 eodem
2954 1472 3119 1542 libro,
3150 1490 3269 1548 cap.
3304 1475 3425 1533 190.

2295 1584 2421 1657 (vn,
2454 1583 2603 1649 134.)
2635 1583 2912 1641 Statutum
2939 1591 3019 1640 est
3038 1591 3101 1640 ut
3121 1583 3352 1641 illicitus
3377 1585 3709 1645 feminarum
3734 1604 3825 1647 aen

2221 1689 2404 1730 cessus
2425 1673 2494 1730 ad
2522 1673 2691 1729 altare
2720 1689 2832 1728 non
2862 1672 2976 1743 ﬁat,
3010 1672 3141 1747 quia
3170 1682 3362 1731 contra
3386 1691 3610 1732 omnem
3638 1688 3826 1735 aucto.

2222 1764 2438 1819 ritatem
2468 1763 2715 1820 divinam
2741 1773 2795 1820 et
2824 1763 3147 1821 canonicam
3178 1764 3590 1823 institutionem
3622 1775 3724 1837 est,
3747 1769 3821 1826 fe-

584 1854 687 1927 (vr,
719 1854 879 1923 204.)
898 1854 1033 1911 Cum
1053 1855 1217 1909 enixa
1246 1853 1413 1911 fuerit
1437 1853 1655 1921 mulier,
1680 1861 1803 1925 post
1827 1861 1961 1926 quot
1989 1852 2107 1909 dies
2140 1836 2186 1895 Β
2219 1853 2397 1909 minas
2424 1852 2629 1910 sanctis
2648 1851 2915 1909 altaribus
2943 1869 2999 1909 se
3017 1854 3167 1909 ultro
3187 1851 3455 1927 ingerere,
3488 1863 3585 1913 aut
3612 1836 3827 1914 sacrata

510 1941 702 1997 debeat
729 1943 1013 2000 ecclesiam
1047 1943 1276 2010 intrare,
1310 1942 1643 1997 Testamenti
1666 1942 1881 1998 Veteris
1910 1958 2107 2016 praece-

511 2030 699 2101 ptione
728 2031 1048 2093 didicimus.
1080 2038 1142 2084 ut
1174 2047 1271 2101 pro
1302 2032 1545 2086 masculo
1567 2029 1761 2086 diebus
1781 2047 1984 2100 xxxm,
2010 2047 2108 2104 pro

512 2117 718 2173 femina
741 2135 868 2174 va1
899 2118 1092 2174 debeat
1119 2117 1412 2174 abstinere.
1447 2118 1606 2186 Quod
1634 2126 1834 2187 tamen,
1866 2120 1943 2175 ait
1971 2137 2107 2176 san-

514 2216 637 2266 ctus
660 2208 978 2280 Gregorius,
1000 2208 1286 2264 sciendum
1308 2215 1389 2263 est
1411 2208 1541 2280 quia
1578 2208 1636 2262 in
1671 2208 1934 2279 mysterio
1953 2208 2109 2266 acci-

516 2298 685 2371 pitur.
714 2299 850 2354 Nam
880 2298 927 2354 si
962 2298 1096 2355 hora
1134 2299 1321 2355 eadem
1350 2315 1455 2370 qua
1480 2299 1728 2369 genuerit
1754 2308 1942 2356 actura
1974 2318 2107 2373 gra-

513 2398 619 2447 tias
640 2390 807 2447 intret
832 2390 1141 2460 ecclesiam,
1170 2391 1324 2446 nullo
1347 2390 1551 2463 peccati
1570 2391 1810 2463 pondere
1827 2401 2104 2465 gravatur.

516 2481 784 2555 Voluptas
822 2480 1026 2537 etenim
1050 2481 1251 2547 carnis,
1290 2496 1402 2537 non
1428 2480 1609 2548 dolor,
1637 2481 1695 2538 in
1726 2482 1888 2555 culpa
1916 2490 2016 2539 est.
2049 2485 2110 2540 In

513 2571 694 2627 carnis
740 2577 921 2627 autem
966 2570 1351 2627 commistione
1396 2572 1652 2642 voluptas
1715 2581 1819 2640 est,
1852 2572 1910 2627 in
1943 2574 2112 2645 prolis

514 2676 644 2715 vero
658 2660 964 2732 prolatione
983 2660 1235 2731 gemitus.
1261 2659 1416 2717 Unde
1432 2669 1483 2717 et
1504 2661 1607 2734 ipsi
1630 2661 1807 2734 primo
1830 2662 2110 2719 matrimo-

516 2747 610 2801 nio
631 2746 872 2803 dicitur:
907 2750 975 2803 In
1004 2748 1276 2803 doloribus
1302 2750 1484 2820 paries
1508 2750 1663 2820 (Gen.
1699 2755 1806 2822 iu).
1840 2750 1896 2808 Si
1928 2752 2113 2822 itaque

517 2835 690 2907 ipsam
720 2836 1007 2892 mulierem
1044 2837 1404 2908 prohibemus
1428 2841 1713 2896 ecclesiam
1744 2842 1974 2912 intrare,
2012 2842 2111 2917 ip-

516 2938 632 2979 sam
661 2924 713 2981 ei
744 2940 959 2997 poenam
986 2941 1138 2982 suam
1178 2926 1396 2997 culpam
1426 2926 1775 2999 deputamus.

516 3049 647 3107 CAP.
681 3049 837 3107 XIX.
860 3050 940 3106 De
957 3052 1314 3107 conservanda
1335 3051 1437 3123 ﬁde
1456 3051 1594 3107 inter
1608 3052 1783 3108 virum
1802 3058 1850 3109 et
1868 3071 2106 3112 uxorem.

998 3149 1086 3205 Ex
1114 3149 1329 3217 eodem,
1345 3168 1466 3224 cap.
1500 3150 1623 3208 424.

2218 1961 2348 2000 vasa
2381 1943 2732 2015 impudenter
2759 1944 3101 2015 contingere,
3132 1944 3249 2000 sive
3280 1944 3609 2002 indumenta
3632 1964 3825 2004 sacer-

2216 2034 2424 2090 dotalia
2452 2032 2785 2104 presbyteris
2810 2032 3143 2100 ministrare,
3164 2040 3260 2089 aut
3287 2049 3490 2107 corpus
3517 2043 3575 2091 et
3601 2041 3822 2109 sangui-

2219 2136 2343 2176 nem
2364 2121 2584 2177 Domini
2605 2122 2941 2194 contingere,
2976 2122 3299 2195 populisque
3319 2124 3600 2196 porrigam
3628 2143 3640 2180 :
3676 2126 3826 2198 quod

2220 2210 2373 2265 omni
2430 2210 2642 2266 ratione
2692 2217 2859 2278 caret,
2897 2219 2952 2268 et
2990 2228 3057 2268 ne
3099 2212 3332 2268 ulterius
3362 2210 3456 2267 fiat
3485 2214 3825 2271 omnimodis

2224 2298 2565 2373 prohibitum
2595 2306 2695 2355 est.
2727 2300 2799 2355 Et
2828 2316 3167 2373 quacunque
3196 2300 3416 2357 femina:
3434 2300 3704 2374 deinceps
3722 2303 3826 2361 hoc

2220 2389 2400 2446 facere
2447 2390 2914 2461 praesumpserint,
2954 2389 3172 2462 judicio
3219 2391 3491 2447 canonico
3533 2408 3708 2464 usque
3758 2392 3825 2448 ad

2223 2479 2651 2536 satisfactionem
2678 2478 3002 2536 subdantur.
3036 2479 3194 2548 Quod
3222 2488 3405 2537 autem
3444 2482 3705 2539 mulieres
3732 2482 3827 2539 in-

2223 2569 2374 2641 gredi
2405 2569 2471 2625 ad
2500 2570 2672 2626 altare
2702 2585 2811 2625 non
2844 2569 3099 2638 debeant,
3146 2570 3202 2626 in
3235 2570 3477 2628 concilio
3506 2571 3828 2630 Calchedo—

2222 2659 2401 2726 nensi,
2433 2666 2488 2714 et
2517 2658 2577 2714 in
2606 2657 2840 2715 decretis
2876 2657 3079 2715 Gelasii
3119 2676 3270 2732 papa
3309 2659 3694 2733 copiosissime
3725 2662 3828 2719 in-

2223 2750 2463 2805 venitur.

2382 2872 2513 2931 CAP.
2547 2872 2756 2931 XXIV.
2788 2873 2865 2930 De
2892 2872 3239 2930 violatoribus
3264 2875 3652 2946 sepulcrorum.

2696 2972 2785 3028 Ex
2809 2971 3023 3041 eodem,
3050 2970 3229 3045 capite
3250 2972 3374 3030 192.
3600 3044 3609 3049 -

2298 3082 2422 3153 (vn,
2448 3080 2597 3151 136.)
2620 3081 2724 3150 Qui
2746 3084 2994 3155 sepulcra
3016 3082 3347 3140 violaverint
3363 3084 3691 3157 puniantur,
3716 3093 3827 3140 tam

2148 3201 2191 3261 ρ
2221 3170 2467 3241 ingenui,
2499 3187 2663 3241 quam
2691 3171 2858 3227 servi.
2891 3171 2947 3227 Si
2971 3169 3144 3244 major
3163 3187 3395 3245 persona
3414 3172 3471 3228 in
3502 3172 3828 3230 bocseelere

588 3268 691 3340 (vx,
716 3266 868 3339 327.)
900 3266 1050 3325 Scire
1083 3284 1275 3326 omnes
1304 3271 1583 3342 volumus,
1608 3272 1750 3332 sicut
1771 3283 1825 3331 et
1853 3275 2053 3348 saepius
2081 3292 2108 3331 a

2231 3258 2388 3315 fuerit
2419 3258 2774 3332 deprehensa,
2822 3260 3022 3317 amissa
3052 3261 3348 3318 medietate
3376 3261 3650 3319 bonorum
3684 3280 3830 3320 suo-

516 3352 761 3413 dominis
778 3356 1071 3430 episcopis,
1103 3365 1156 3413 et
1185 3375 1216 3415 a
1245 3360 1474 3433 reliquis
1505 3361 1601 3417 Dei
1635 3362 1811 3419 servis
1839 3363 2112 3419 admoniti

514 3461 724 3515 sumus,
748 3446 897 3520 quod
928 3446 1033 3502 \iri
1063 3449 1332 3506 uxoribus
1368 3452 1502 3521 suis,
1534 3459 1589 3508 et
1619 3468 1821 3509 uxores
1854 3451 2114 3509 similiter

515 3535 654 3593 viris
683 3537 819 3605 suis,
839 3538 1108 3595 veraciter
1137 3539 1300 3596 ﬁdem
1322 3549 1377 3597 et
1401 3541 1755 3600 dilectionem
1777 3560 1993 3600 servare
2022 3543 2112 3599 de-

512 3625 666 3696 bent,
690 3636 745 3683 et
773 3643 884 3683 non
916 3627 972 3684 in
1002 3628 1189 3699 aliquo
1208 3630 1275 3685 ab
1306 3630 1392 3685 his
1413 3630 1690 3689 declinare
1715 3650 1728 3689 :
1750 3641 1803 3693 et
1824 3634 1971 3706 quod
2001 3651 2113 3690 non

514 3714 680 3771 liceat
704 3715 1031 3789 conjugatis,
1048 3733 1224 3790 neque
1245 3720 1518 3794 pellicem,
1549 3738 1725 3796 neque
1744 3723 2111 3782 concubinam

515 3802 736 3859 habere.

522 3929 656 3989 CAP.
675 3931 805 3989 XX.
825 3933 905 3989 De
919 3934 1278 3989 sacerdotibus
1287 3935 1382 4003 qui
1400 3935 1752 3993 ministerium
1774 3954 1930 3995 suum
1944 3940 2112 3997 adim-

1059 4006 1209 4073 plere
1238 4021 1343 4058 non
1372 4008 1565 4063 valent.

921 4100 1009 4156 Ex
1056 4099 1198 4157 libro
1244 4119 1343 4171 vn,
1399 4119 1517 4177 cap.
1572 4105 1690 4163 137.

591 4217 716 4286 (vn,
748 4218 897 4290 100.)
925 4220 1246 4279 Sacerdotes
1273 4222 1369 4295 qui
1397 4224 1503 4280 rite
1535 4241 1648 4282 non
1677 4227 1899 4301 sapiunt
1927 4228 2115 4287 adim-

518 4306 667 4377 plere
699 4308 1067 4367 ministerium
1095 4328 1279 4381 suum,
1313 4328 1415 4369 nec
1443 4312 1829 4388 discerejuxta
1862 4335 2112 4392 pracep-

2224 3364 2368 3416 rum,
2393 3356 2650 3421 perpetua
2671 3358 2892 3406 notetur
2911 3350 3137 3406 infamia
3159 3369 3170 3406 :
3193 3352 3239 3407 si
3263 3351 3519 3419 clericus,
3543 3352 3831 3424 depositus

2223 3438 2376 3493 omni
2409 3438 2618 3495 honore
2643 3439 2905 3507 clericali,
2938 3440 3161 3514 perenni
3191 3440 3393 3497 exsilio
3421 3440 3738 3514 deputetur.
3770 3441 3827 3498 Si

2218 3524 2391 3596 judex
2406 3526 2509 3585 hoc
2526 3528 2776 3602 persequi
2795 3537 2891 3585 aut
2906 3528 3136 3602 implere
3147 3527 3449 3597 distulerit,
3468 3528 3829 3584 facultatibus

2224 3622 2277 3670 et
2306 3614 2513 3673 honore
2543 3616 2815 3688 privetur.

2223 3741 2354 3801 CAP.
2389 3742 2571 3800 XXV.
2604 3745 2682 3800 De
2722 3742 2946 3812 clericis,
2977 3742 3026 3798 si
3052 3742 3347 3800 ebrietatem
3377 3759 3485 3799 non
3513 3743 3823 3811 νίκων-ἐπι,

2432 3821 2528 3871 aut
2554 3817 3085 3884 excommunicentur,
3130 3822 3226 3871 aut
3252 3815 3611 3873 oerberentur.

2719 3921 2805 3976 Ex
2835 3920 3025 3978 eodem
3052 3936 3172 3993 cap.
3193 3918 3321 3977 270.

2293 4039 2437 4094 Ante
2461 4039 2649 4095 omnia
2672 4039 2889 4096 clericis
2917 4038 3125 4096 vitetur
3148 4038 3402 4107 ebrietas,
3425 4056 3544 4112 qua
3565 4038 3829 4095 omnium

2226 4127 2486 4184 vitiorum
2510 4128 2684 4185 fomes
2701 4144 2764 4184 ac
2785 4129 2976 4184 nutrix
2997 4136 3098 4199 est,
3118 4145 3220 4186 nec
3237 4128 3363 4203 quis
3382 4136 3559 4202 potest
3581 4128 3831 4185 liberum

2223 4215 2467 4288 corporis
2482 4216 2563 4272 sui
2580 4233 2642 4273 ac
2658 4216 2859 4272 mentis
2872 4215 3072 4273 habere
3084 4215 3381 4289 judicium.
3402 4217 3506 4285 Qui
3528 4223 3610 4273 est
3628 4225 3837 4289 captus

2222 4305 2355 4361 vino
2380 4321 2413 4360 a
2431 4320 2594 4361 sensu
2621 4302 2884 4376 probatur
2911 4320 3028 4361 esse
3070 4298 3304 4374 alienus,
3336 4312 3391 4360 et
3424 4303 3736 4377 proclivius
3767 4304 3835 4359 ad

518 4401 638 4452 tum
672 4396 1053 4470 episcoporum
1088 4416 1313 4458 suorum
1340 4417 1439 4474 pro
1470 4402 1683 4461 viribus
1715 4413 1989 4477 satagunt,
2023 4409 2108 4463 vel

2231 4393 2491 4461 iudicium
2511 4409 2665 4450 mens
2684 4392 2950 4451 labefacta
2969 4393 3223 4451 ducitur:
3255 4409 3320 4451 ac
3341 4394 3661 4465 plerumque
3679 4393 3839 4449 solet

516 4495 924 4560 contemptores
958 4505 1234 4547 canonum
1271 4491 1541 4561 existunt,
1586 4492 1655 4549 ab
1676 4494 1858 4551 ofﬁcio
1888 4496 2110 4568 proprio

2222 4489 2503 4553 peccatum
2532 4489 2627 4537 aut
2654 4481 2864 4539 crimen
2885 4482 3017 4538 dum
3040 4482 3217 4539 nescit
3236 4483 3535 4538 incurrere.
3559 4482 3835 4552 Ignoran-

515 4582 648 4632 sunt
678 4576 1020 4647 removendi,
1046 4594 1330 4653 quousque
1359 4579 1465 4637 hoc
1493 4582 1731 4653 pleniter
1758 4565 2106 4641 emendatum

2231 4570 2295 4626 :ia
2325 4586 2455 4627 vero
2484 4571 2610 4626 talis
2655 4586 2769 4627 non
2799 4578 2975 4643 potest
3002 4571 3240 4643 effugere
3286 4587 3521 4644 poenam,
3552 4586 3729 4643 quam
3766 4587 3837 4627 ex

515 4663 774 4723 habeant.

516 4797 649 4880 CAP.
674 4797 828 4853 XXI.
868 4798 931 4854 Ut
958 4801 1141 4880 nullus
1158 4800 1333 4880 judex
1356 4819 1519 4880 neque
1533 4805 1916 4880 presbyterum,
1950 4826 2114 4880 neque

587 4866 888 4952 diaconum,
921 4877 1018 4952 aut
1065 4866 1331 4943 clericum,
1379 4866 1490 4930 sine
1533 4866 1859 4932 'consc'ientia
1887 4866 2113 4952 episcopi

587 4939 674 4993 sui
700 4939 1003 5013 distringat.

1009 5039 1100 5096 Ex
1128 5039 1342 5110 eodem,
1371 5058 1490 5115 cap.
1524 5042 1671 5133 139..

587 5160 689 5229 (vr,
733 5159 883 5232 154.)
935 5160 1004 5217 Ut
1049 5162 1239 5219 nullus
1275 5162 1448 5235 judex
1496 5178 1673 5236 neque
1706 5165 2108 5240 presbyterum,

515 5263 693 5321 neque
711 5247 1026 5317 diaconum,
1042 5257 1135 5304 aut
1156 5249 1440 5318 clericum,
1462 5259 1556 5307 aut
1571 5251 1851 5324 juniorem
1868 5256 2110 5313 ecclesia:

515 5337 634 5393 sine
661 5336 999 5396 conscientia
1022 5336 1296 5408 pontiﬁcis
1316 5353 1411 5411 per
1440 5356 1495 5394 se
1526 5340 1838 5414 distringat.
1867 5353 1965 5399 aut
1982 5359 2109 5400 con-

513 5423 771 5481 demnare
809 5435 1120 5498 praesumat.
1162 5426 1322 5494 Quod
1350 5427 1397 5485 si
1428 5428 1640 5500 fecerit,
1671 5430 1739 5488 ab
1768 5431 1997 5489 ecclesia
2019 5433 2111 5490 cui

514 5508 779 5580 injuriam
806 5513 943 5570 fecit
980 5533 1143 5588 quam
1170 5515 1411 5590 irrogare
1440 5518 1785 5591 dignoscitur
1812 5521 2008 5578 tandiu
2037 5521 2111 5579 sit

513 5607 904 5669 sequestratus,
969 5604 1144 5663 donec
1198 5614 1408 5663 reatum
1478 5624 1638 5665 suum
1692 5615 2004 5681 cognoscat,
2056 5618 2111 5665 θῐ

2221 4658 2537 4716 voluntaria
2550 4659 2789 4716 amentia
2805 4674 3052 4716 manasse
3072 4659 3403 4717 constiterit.
3427 4660 3614 4732 Itaque
3633 4674 3842 4731 quem-

2221 4764 2437 4820 cunque
2466 4748 2682 4805 ebrium
2730 4748 2899 4806 fuisse
2938 4749 3270 4816 constiterit,
3318 4755 3380 4804 ut
3408 4747 3542 4806 ordo
3586 4747 3840 4820 patitur,

2220 4844 2313 4893 aut
2342 4854 2412 4893 xx.
2440 4837 2654 4895 dierum
2685 4839 2861 4912 spatio
2885 4856 2918 4896 a
2944 4838 3338 4896 communione
3366 4837 3661 4896 statuimus
3680 4839 3841 4895 sub-

2223 4926 2576 4997 movendum,
2599 4938 2695 4986 aut
2716 4929 2991 5002 corporali
3011 4928 3360 4987 subdendum
3379 4942 3494 4986 esse
3515 4926 3837 5000 supplicio.

2221 5054 2351 5112 CAP.
2383 5054 2589 5113 XXVI.
2646 5058 2709 5115 Ut
2748 5062 2914 5126 testes,
2944 5058 3264 5128 priusquam
3300 5057 3365 5113 de
3397 5072 3556 5112 causa
3593 5055 3841 5113 intem

2484 5133 2695 5198 gentur,
2733 5135 3062 5185 sacramento
3093 5127 3543 5202 constringuntur.

2715 5226 2803 5282 Ex
2829 5225 3042 5296 eodem,
3071 5242 3189 5299 cap.
3213 5226 3337 5284 283.

2295 5356 2420 5416 (vn,
2442 5345 2596 5417 207.)
2626 5345 2810 5402 Testes
2830 5344 3149 5419 priusquam
3179 5344 3249 5401 de
3284 5360 3451 5403 causa
3482 5344 3839 5418 interrogen-

2223 5442 2332 5502 tur,
2359 5440 2701 5491 sacramento
2720 5433 2917 5491 debere
2938 5432 3266 5506 constringi,
3295 5440 3359 5489 ut
3371 5431 3563 5507 jurent
3585 5449 3652 5491 se
3681 5434 3843 5492 nihil

2222 5524 2329 5580 nisi
2358 5523 2436 5579 rei
2468 5523 2753 5580 veritatem
2784 5538 2901 5579 esse
2928 5521 3194 5580 dicturos.
3224 5521 3342 5579 Hoc
3367 5523 3533 5579 etiam
3552 5520 3845 5594 iubemus

2221 5618 2281 5667 ut
2302 5611 2711 5669 honestioribus
2730 5610 2902 5685 magis
2925 5627 3089 5685 quam
3111 5610 3407 5669 vilioribus
3429 5609 3668 5668 testibus
3687 5611 3848 5669 ﬁdes

2221 5697 2403 5770 potius
2424 5697 2767 5756 admittatur.
2790 5698 2966 5757 Unius
2982 5705 3166 5757 autem
3186 5697 3589 5767 testimonium,
3611 5714 3849 5772 quam-
