4078 6182
251 271 388 335 1113

1498 274 1733 333 SERMO
1774 275 1843 333 IN
1881 275 1936 333 S.
1981 275 2362 334 LUCIANUM.

3437 287 3572 345 1114

244 433 433 505 itaque
462 446 564 486 nos
588 427 812 484 laudare
840 427 991 484 Viros
1017 428 1303 502 gloriosos,
1335 442 1569 500 quorum
1591 427 1863 486 doctrinis
1897 431 1946 490 A
1975 438 2185 486 ctarum
2214 430 2491 504 colloquia
2520 431 2582 488 B.
2615 432 2868 490 Clemens
2904 433 3097 489 divino
3125 433 3339 492 afflatus
3369 439 3570 510 spiritu

245 523 406 594 longe
431 522 643 594 lateque
667 537 764 592 per
789 520 977 576 orbem
1001 519 1238 593 gloriosa
1259 518 1466 576 Christi
1499 519 1730 591 refulget
1756 521 1856 575 Ec-

245 612 433 679 clesia,
471 620 525 667 et
571 609 677 682 ipsi
719 611 822 666 sub
865 627 958 665 ara
989 610 1107 677 Dei,
1141 609 1364 666 amictis
1394 609 1555 665 stolis
1578 610 1853 680 candidis,

243 717 439 760 cruore
458 698 681 774 proprio
703 698 1011 772 purpurati,
1036 706 1089 754 et
1110 698 1169 754 in
1197 697 1403 756 Christi
1427 699 1692 772 sanguine
1712 699 1852 756 deal-

242 793 379 861 bati,
413 790 650 847 feliciter
677 787 1050 861 requiescunt.
1219 864 1223 867 ι

315 882 368 939 2.
405 883 482 938 De
510 895 744 952 quorum
775 879 1008 952 collegio
1037 878 1254 935 exstitit
1283 879 1636 936 beatissimus
1648 882 1855 938 Lucia-

243 987 348 1026 nus
368 969 606 1042 insignis
627 976 680 1024 et
711 968 982 1040 gloriosus
1015 975 1259 1039 martyr:
1290 976 1310 1002 °
1340 983 1502 1040 quem
1536 967 1656 1039 ipso
1685 969 1853 1025 fontis

246 1063 490 1127 lavacro,
522 1059 545 1094 ι’
571 1057 764 1114 divina
788 1057 1030 1129 perfudit
1051 1058 1242 1128 gratia,
1268 1055 1342 1112 ita
1371 1065 1430 1112 ut
1451 1074 1518 1114 ex
1550 1068 1749 1115 eventu
1771 1074 1849 1130 rei

241 1152 467 1209 daretur
513 1146 807 1215 indicium,
857 1145 1006 1219 quod
1050 1161 1280 1219 magnus
1319 1147 1540 1202 futurus
1581 1157 1720 1203 esset
1754 1166 1851 1220 pro

239 1241 440 1299 merito
456 1237 766 1295 sanctitatis
789 1235 846 1291 in
871 1236 1096 1308 populo.
1129 1236 1336 1294 Lucius
1365 1237 1510 1294 enim
1541 1253 1573 1292 a
1601 1239 1849 1310 progeni-

252 1331 468 1388 toribus
517 1326 817 1384 secundum
866 1342 1085 1382 carnem
1133 1333 1216 1383 est
1259 1335 1504 1394 vocatus,
1543 1339 1564 1364 ε
1593 1343 1624 1382 a
1654 1345 1849 1400 magno

241 1420 469 1478 consule
497 1417 668 1474 Lucio
699 1415 920 1471 trahens
958 1432 1072 1471 non
1120 1416 1300 1472 solum
1343 1416 1524 1472 carnis
1555 1418 1847 1489 originem,

237 1525 430 1565 verum
452 1508 620 1565 etiam
650 1515 705 1562 et
727 1505 1078 1562 vocabulum.
1111 1505 1218 1562 Sed
1248 1505 1471 1561 demum
1503 1523 1598 1579 per
1615 1507 1846 1578 gratiam

236 1600 412 1657 sancti
461 1598 720 1671 Spiritus,
754 1613 905 1652 more
935 1603 1251 1654 sanctorum
1280 1597 1526 1665 Patrum,
1561 1596 1617 1651 in
1650 1598 1848 1654 melius

235 1696 635 1746 commutatum
654 1695 736 1743 est
755 1703 958 1742 nomen
980 1686 1100 1758 ejus
1126 1705 1139 1755 ;
1166 1693 1226 1742 ut
1255 1685 1350 1759 qui
1380 1694 1496 1742 erat
1524 1685 1847 1758 parentibus

246 1780 436 1837 dictus
456 1779 679 1846 Lucius,
714 1777 990 1834 diceretur
1016 1779 1130 1833 Deo
1159 1787 1344 1862 postea
1372 1793 1468 1850 per
1496 1777 1721 1848 gratiam
1753 1793 1844 1831 au-
1875 1809 1918 1866 Β

235 1877 329 1926 cto
369 1868 592 1924 nomine
639 1866 948 1923 Lucianus:
981 1873 1247 1938 quatenus
1295 1884 1365 1923 ex
1414 1866 1520 1923 hoc
1550 1874 1846 1940 patesceret

236 1957 542 2025 indicium,
581 1955 709 2029 quia
739 1955 796 2011 in
832 1971 975 2012 nova
1005 1956 1123 2012 luce
1155 1957 1471 2028 progenitus
1499 1957 1615 2029 ipse
1647 1957 1741 2011 lux
1769 1958 1841 2011 fa-

233 2055 360 2105 ctus
381 2048 439 2102 in
464 2047 722 2117 Domino,
746 2047 964 2103 tandem
988 2047 1234 2104 eamdem
1267 2047 1466 2116 lucem,
1495 2064 1601 2120 qua
1622 2055 1842 2103 renatus

234 2145 355 2193 erat
387 2137 443 2192 in
475 2136 718 2206 Christo,
768 2153 879 2192 una
911 2153 1035 2192 cum
1067 2138 1278 2193 caeteris
1309 2138 1510 2193 sanctis
1541 2138 1678 2194 viris
1709 2155 1840 2209 prae-

235 2226 427 2284 dicare
473 2227 718 2299 primum
770 2226 990 2282 deberet
1038 2227 1097 2281 in
1147 2227 1422 2300 gentibus.
1462 2228 1644 2285 Claret
1675 2228 1842 2298 igitur

233 2318 551 2374 Romanum
595 2332 720 2371 eum
769 2317 938 2372 fuisse
987 2331 1202 2388 genere,
1237 2315 1413 2371 nobili
1445 2333 1509 2371 ex
1541 2317 1790 2388 prosapia
1825 2335 1835 2372 :

233 2405 330 2463 sed
384 2405 627 2462 nobilior
661 2406 846 2462 factus‘
863 2414 943 2461 est
972 2407 1030 2462 in
1054 2407 1272 2478 spiritu,
1297 2407 1426 2480 quia
1455 2424 1550 2479 per
1578 2407 1840 2480 adoptio-

240 2512 372 2552 nem
397 2496 583 2567 gratize
609 2495 870 2550 inventus
890 2503 970 2551 est
1000 2496 1191 2551 aeterni
1219 2496 1380 2568 Regis
1408 2496 1577 2552 ﬁlius.
1612 2496 1767 2563 Quod
1793 2497 1838 2552 si

237 2585 514 2659 quaeritur
542 2584 609 2640 ab
643 2601 725 2652 eo,
741 2584 898 2656 cujus
927 2585 1214 2640 institutus
1245 2585 1315 2640 sit
1344 2583 1615 2654 doctrina,
1639 2593 1692 2640 et
1720 2603 1838 2642 eru-

234 2674 394 2731 ditus
427 2673 757 2745 magisterio,
791 2691 917 2730 vere
948 2674 1092 2730 Petri
1115 2674 1344 2746 apostoli
1377 2674 1683 2747 discipulus
1712 2677 1838 2744 fuit,

245 2771 306 2820 et
354 2762 412 2818 in
457 2761 573 2833 ejus
611 2762 876 2818 fundatus
899 2761 1028 2831 ﬁde,
1058 2769 1219 2835 atque
1247 2763 1562 2820 caelestibus
1595 2765 1840 2822 imbutus

235 2851 557 2924 disciplinis
590 2869 601 2906 :
636 2851 782 2924 quod
813 2852 944 2907 satis
991 2852 1155 2908 series
1187 2861 1483 2925 gestorum,
1520 2861 1755 2926 tempus,
1789 2864 1842 2912 et

235 2941 382 2998 ordo
412 2941 738 3015 loquuntur.
768 2940 794 2978 δ
829 2941 1196 2999 Conversatus
1225 2953 1304 3000 est
1334 2952 1515 3000 autem
1542 2944 1656 3016 jam
1689 2962 1840 3001 rena-

234 3043 335 3092 tus
364 3035 422 3090 in
463 3034 682 3093 Christo
713 3035 987 3109 perfectus
1029 3035 1136 3091 tiro
1165 3035 1368 3092 Christi
1403 3039 1583 3093 Roma:
1611 3039 1838 3109 positus,

1965 519 2042 573 ait
2075 537 2087 574 :
2121 519 2382 589 Videsne,
2426 521 2503 576 mi
2544 522 2710 578 frater
2738 522 3060 579 charissime
3083 524 3334 596 Dionysi,
3366 537 3572 599 quanta

1964 617 2046 664 est
2076 609 2266 665 messis
2292 609 2348 664 in
2379 610 2636 682 gentibus
2669 613 2974 669 Dominicaa
3019 613 3268 683 sationis,
3315 624 3368 671 et
3405 633 3566 689 quam

1963 697 2120 770 pauci
2151 707 2281 754 sunt
2300 700 2533 772 operarii
2579 700 2636 754 in
2669 703 2838 758 verbo
2869 702 3075 759 divinae
3104 703 3520 775 praedicationis
3542 709 3570 764 ?

1963 786 2104 854 Quia
2133 804 2259 859 ergo
2285 788 2351 844 de
2381 788 2640 845 omnibus
2671 790 2970 848 Catholicae
2989 792 3118 848 ﬁdei
3150 794 3494 850 sufﬁcienter
3514 811 3570 852 es

1963 881 2212 938 eruditus
2242 879 2532 950 doctrinis,
2565 889 2619 938 et
2641 883 2794 938 omni
2823 884 3090 955 religione
3121 885 3436 942 Christiana
3467 887 3566 944 im-

1961 972 2147 1040 butus,
2177 980 2338 1044 atque
2376 971 2680 1027 virtutibus
2724 971 3143 1041 corroboratus;
3189 991 3370 1048 perge,
3405 994 3560 1048 rogo,

1963 1063 2017 1117 in
2045 1060 2269 1116 nomine
2313 1060 2535 1115 Domini
2567 1062 2691 1116 Jesu
2719 1059 2926 1117 Christi
2975 1061 3043 1115 ad
3075 1062 3336 1119 occiduas
3367 1073 3566 1136 partes,

1960 1161 2022 1210 ut
2053 1153 2233 1210 bonus
2262 1154 2441 1221 miles,
2463 1160 2516 1208 et
2542 1151 2790 1224 praeliare
2825 1160 3018 1208 contra
3057 1152 3241 1209 hostes
3268 1154 3568 1211 immanis-

1959 1243 2128 1300 simos
2159 1243 2346 1315 praelia
2375 1242 2597 1299 Domini
2627 1243 2724 1297 Dei
2761 1242 2865 1297 tui.

2029 1335 2082 1389 4.
2107 1333 2319 1400 Quibus
2354 1333 2429 1388 ita
2457 1331 2673 1399 edictis,
2707 1348 2829 1388 cum
2854 1330 2967 1402 jam
2991 1331 3057 1387 ad
3083 1331 3188 1388 hoc
3211 1331 3566 1388 beatissimus

1958 1425 2260 1498 Dionysius
2288 1439 2568 1480 assensum
2601 1423 2920 1494 praebuisset
2945 1421 3354 1494 proﬁciscendi,
3389 1422 3565 1494 coepit

1959 1515 2013 1571 S.
2047 1515 2300 1573 Clemens
2329 1513 2508 1570 socios
2537 1513 2584 1568 ei
2617 1528 2859 1585 quaerere
2889 1519 2942 1566 et
2982 1510 3262 1582 adjutores
3300 1518 3560 1566 strenuos

1955 1607 2015 1662 iu
2035 1605 2224 1673 verbo,
2252 1619 2467 1660 necnon
2502 1603 2558 1657 in
2590 1603 2704 1657 vita
2727 1610 2782 1658 et
2815 1602 3102 1658 sanctitate
3148 1600 3408 1669 idoneos,
3450 1600 3566 1656 mi—

1957 1693 2158 1749 nistros
2188 1708 2403 1766 quoque
2434 1691 2613 1748 divini
2636 1691 2803 1748 oﬁicii
2835 1690 3139 1763 praecipuos
3167 1697 3221 1744 et
3258 1689 3565 1762 quamplu-

1955 1799 2075 1838 res:
2121 1783 2264 1838 inter
2293 1800 2428 1855 quos
2459 1783 2624 1838 etiam
2669 1782 2834 1853 elegit
2865 1781 3011 1836 idem
3043 1780 3296 1853 pontifex
3337 1779 3394 1834 in
3425 1795 3562 1834 san-

1955 1872 2144 1928 ctitate
2174 1871 2322 1928 hunc
2351 1871 2804 1944 probatissimum
2836 1871 3020 1926 virum
3075 1869 3378 1925 Lucianum
3421 1885 3566 1924 con-

1952 1970 2177 2031 sortem,
2208 1979 2371 2034 quem
2402 1970 2456 2017 et
2477 1961 2496 1996 ι
2527 1961 2811 2017 ordinavit
2839 1961 3178 2032 episcopum,
3213 1959 3344 2032 quia
3379 1959 3559 2013 fuerat

1952 2051 2054 2107 sub
2083 2051 2335 2108 doctrina
2365 2049 2510 2106 Petri
2537 2049 2770 2122 apostoli
2803 2049 2871 2104 ad
2901 2048 3064 2103 ﬁdem
3095 2047 3316 2120 penitus
3345 2046 3564 2102 institu-

1954 2148 2062 2209 tus,
2084 2149 2147 2196 ut
2175 2157 2287 2196 non
2307 2139 2558 2197 deessent
2579 2139 2796 2211 singula
2827 2135 3225 2193 Ecclesiasticae
3255 2134 3566 2206 disciplina:

1952 2230 2132 2285 oﬂicia
2181 2230 2323 2284 inter
2356 2238 2465 2284 tam
2519 2227 2936 2299 probatissimos
2980 2224 3145 2281 viros.
3196 2225 3368 2291 Quem
3419 2222 3563 2287 ideo,

1951 2318 2079 2390 quia
2107 2317 2391 2389 antiquior
2412 2316 2621 2373 Christi
2661 2325 2714 2371 et
2746 2315 2891 2369 Petri
2922 2315 3102 2369 fuerat
3130 2312 3460 2384 discipulus,
3487 2311 3564 2366 ita

1950 2407 2290 2462 consociavit
2320 2407 2375 2463 S.
2412 2405 2678 2477 Dionysio
2727 2411 2787 2458 ut
2836 2403 2956 2474 ejus
2983 2409 3124 2457 esset
3176 2401 3469 2471 interpres,
3502 2407 3557 2455 et

1949 2495 2162 2552 caeteris
2186 2496 2338 2568 quasi
2372 2496 2530 2550 Pater
2560 2493 2896 2549 venerabilis
2925 2501 2980 2547 et
3010 2491 3259 2562 egregius
3303 2487 3560 2559 magister

1951 2588 2009 2642 in
2040 2588 2292 2644 doctrina
2315 2598 2368 2644 et
2390 2587 2657 2658 religione
2686 2582 3238 2650 sanctitatis.Quibus
3271 2581 3346 2636 ita
3375 2580 3557 2652 dispo-

1949 2677 2070 2733 sitis
2090 2678 2234 2733 inter
2261 2677 2667 2750 quamplurima
2688 2673 2955 2731 doctrina:
2978 2671 3185 2730 Christi
3218 2669 3474 2725 instituta
3508 2678 3563 2725 et

1949 2767 2161 2823 monita
2193 2768 2416 2840 pietatis
2457 2767 2527 2822 ad
2567 2765 2826 2820 ultimum
2868 2781 2960 2819 eos
3004 2763 3082 2818 ita
3120 2761 3442 2834 alloquitur,
3477 2757 3565 2813 di-

1951 2874 2080 2912 cens
2110 2877 2120 2913 :
2152 2859 2253 2926 Ite,
2281 2858 2616 2926 charissimi,
2639 2865 2693 2911 et
2717 2855 3004 2911 fortissimi
3029 2872 3094 2910 ac
3111 2854 3319 2909 strenui
3340 2851 3568 2906 bellato-

1951 2964 2037 3004 res
2075 2947 2314 3005 Christi:
2347 2954 2400 3003 et
2440 2947 2583 3002 sicut
2613 2946 2720 3000 fuit
2749 2944 3020 3000 Dominus
3067 2960 3194 3000 cum
3237 2943 3442 2998 sanctis
3470 2941 3564 2996 Pa-

1953 3036 2129 3094 tribus
2158 3037 2362 3094 nostris
2393 3035 2674 3108 apostolis,
2725 3041 2779 3089 et
2805 3051 2928 3091 cum
2964 3050 3154 3090 eorum
3185 3029 3566 3105 cooperatori—

234 3143 310 3183 ac
347 3127 390 3183 si
420 3128 476 3183 in
510 3126 706 3184 castris
738 3125 1074 3182 militaribus
1107 3145 1120 3194 ;
1154 3135 1216 3182 ut
1244 3128 1571 3200 quandoque
1601 3145 1839 3200 egressu-
1879 3168 1922 3226 Ο
1955 3128 2094 3195 bus;
2144 3127 2220 3182 ita
2271 3127 2342 3182 sit
2381 3125 2669 3199 vobiscum
2708 3123 2766 3177 in
2800 3122 3059 3178 omnibus
3105 3122 3366 3192 operibus
3410 3119 3563 3173 verbi

236 3231 344 3271 rus
382 3213 450 3270 ad
479 3221 666 3285 gentes
687 3222 945 3268 strenuus
967 3212 1262 3269 haberetur
1290 3213 1542 3283 bellator,
1565 3225 1619 3270 et
1649 3232 1845 3288 propu-

239 3318 444 3382 gnator
475 3310 530 3364 in
568 3309 674 3365 ﬁde
706 3306 1062 3363 fortissimus.

321 3400 372 3456 3.
406 3399 541 3456 Cum
599 3407 780 3454 autem
827 3397 1108 3452 enutritur
1152 3396 1405 3452 doctrina
1445 3398 1542 3454 Dei
1576 3399 1633 3452 in
1664 3398 1846 3453 virum

238 3489 576 3564 perfectum,
599 3488 802 3544 factum
832 3494 913 3543 est
944 3493 1006 3541 ut
1035 3486 1280 3558 inclytus
1308 3494 1520 3558 martyr
1551 3487 1850 3558 Dionysius

240 3578 476 3638 Christo
505 3576 644 3632 duce
658 3577 885 3632 Romam
907 3575 1224 3631 deveniret:
1253 3584 1274 3610 °
1305 3575 1397 3630 ubi
1419 3583 1540 3647 post
1563 3591 1847 3630 excessum

236 3667 634 3741 apostolorum
667 3663 780 3736 jam
810 3665 873 3720 B.
907 3665 1244 3722 Clementem
1276 3666 1592 3738 pontiﬁcem
1620 3674 1850 3737 aposto-

215 3759 378 3816 .licaa
406 3753 553 3811 sedis
581 3752 788 3826 apicem
810 3754 1205 3827 gubernantem
1237 3755 1471 3811 invenit.
1495 3755 1539 3810 A
1565 3772 1673 3829 quo
1704 3754 1849 3810 idem

236 3848 309 3905 S.
358 3842 680 3916 Dionysius,
737 3845 831 3916 qui
879 3853 933 3900 et
975 3845 1266 3912 Macarius,
1315 3845 1713 3902 oﬂiciosissime
1771 3853 1852 3900 est

242 3947 556 4011 susceptus,
590 3945 645 3993 et
685 3936 852 4007 digno
882 3936 1093 3991 honore
1139 3937 1272 3992 satis
1317 3939 1707 3994 venerabiliter
1744 3937 1852 3992 ha-

241 4029 423 4096 bitus,
457 4035 568 4082 tam
599 4041 698 4097 pro
728 4025 1178 4088 suaesanctitatis
1207 4026 1422 4092 merito,
1456 4042 1619 4097 quam
1647 4035 1700 4081 et
1733 4043 1853 4098 pro-

248 4117 388 4192 pri-aa
442 4115 570 4173 vitae
621 4117 785 4188 longa
823 4114 938 4186 jam
981 4114 1079 4170 diu
1106 4114 1484 4171 familiaritate
1518 4116 1575 4170 in
1608 4115 1850 4185 Christo,

249 4205 401 4262 unde
449 4213 503 4260 et
556 4204 706 4278 apud
752 4203 1007 4260 eumdem
1056 4220 1334 4260 summum
1376 4203 1692 4276 pontiﬁcem
1745 4221 1854 4260 non

251 4309 427 4366 parvo
455 4292 719 4365 temporis
748 4293 927 4366 spatio
955 4299 1315 4349 conversatus
1347 4301 1448 4361 est,
1471 4300 1531 4348 ut
1554 4307 1610 4346 se
1649 4291 1858 4349 mutuis

252 4389 566 4439 recrearent
584 4383 916 4454 aspectibus,
945 4391 999 4438 et
1027 4382 1236 4439 divinis
1265 4399 1322 4438 se
1348 4383 1661 4438 refoverent
1691 4381 1857 4439 collo-

253 4469 424 4543 quiis,
456 4479 617 4544 atque
642 4470 757 4527 suis
785 4487 842 4527 se
859 4471 1105 4526 vicissim
1128 4468 1551 4528 corroborarent
1580 4470 1856 4527 virtutum

258 4559 550 4632 exemplis.
593 4559 694 4617 Cui
738 4560 884 4617 inter
924 4561 1254 4633 quamplura
1281 4559 1692 4633 Scripturarum
1723 4575 1858 4615 san-

331 4738 353 4802 ξ
385 4727 558 4782 Addit
593 4729 775 4802 1113.8,
805 4729 951 4785 Max.
985 4728 1077 4799 qui
1104 4729 1232 4785 olim
1262 4747 1294 4785 a
1327 4729 1744 4802 pueriliasacro
1774 4730 1861 4802 ba-

255 4798 504 4870 ptismate
531 4817 566 4853 a
591 4800 820 4870 Domino
848 4807 924 4855 est
945 4798 1293 4868 consecratus,
1325 4798 1372 4856 et
1397 4801 1681 4857 coelestibus
1706 4801 1861 4856 disci-

255 4869 426 4945 plinis
448 4869 754 4945 plenissime
780 4872 1040 4927 eruditus.
1069 4871 1307 4928 Lovetus
1351 4872 1448 4928 lib.
1480 4874 1550 4945 II,
1573 4889 1760 4945 capti,
1785 4871 1863 4928 ait

260 4939 294 4995 a
343 4939 402 5021 Si.
445 4939 605 5021 l’etro
646 4942 830 5021 Romae
858 4959 1206 5021 conversum.
1240 4945 1480 5021 Benatus
1509 4939 1860 5012 Benedictus,

259 5027 331 5067 ex
362 5011 588 5068 Oriente
616 5029 740 5069 cum
773 5015 829 5070 S.
856 5014 1017 5070 Petro
1046 5015 1274 5070 Romam
1307 5015 1540 5071 venisse.

333 5083 358 5117 ⁸³
397 5082 590 5163 Addit.
622 5084 724 5142 Ms.
773 5085 830 5142 S.
883 5085 1029 5141 Max.
1063 5085 1198 5138 sicut
1225 5086 1336 5156 ipse
1363 5087 1476 5140 suis
1499 5086 1740 5141 declarat
1768 5103 1860 5141 re-

262 5169 490 5224 sponsis.

337 5225 632 5298 °7Lovetus
684 5226 887 5282 diserte
940 5227 1112 5298 ﬁlium
1174 5227 1326 5283 Lucii
1384 5227 1628 5288 Consulis
1680 5234 1858 5283 vocat.

264 5295 428 5377 Multi
460 5298 797 5377 praenomine
821 5295 980 5377 .Lucii
1002 5300 1260 5377 consules
1293 5299 1444 5354 fuere
1473 5300 1527 5377 Si
1559 5299 1705 5355 Petri
1736 5315 1860 5370 apo-

266 5368 607 5442 stoli_aztate,
641 5369 723 5442 uti
760 5369 1316 5442 etiamisequentibus
1342 5370 1577 5442 saeculis.

341 5438 366 5474 ά
401 5439 585 5496 Graece
612 5447 666 5495 et
695 5440 888 5497 Latine
917 5438 1298 5498 doctissimum
1330 5441 1496 5498 fuisse
1525 5441 1716 5497 scribit
1746 5441 1863 5496 Lo-

268 5516 450 5585 vetus,
477 5518 532 5565 et
553 5512 657 5585 Ms.
682 5512 738 5585 S.
769 5512 913 5585 Max.
937 5513 995 5568 in
1017 5529 1126 5585 quo
1145 5512 1294 5585 etde
1316 5511 1439 5585 ejus
1451 5513 1760 5585 constantia
1778 5528 1860 5568 ze-

269 5581 442 5658 loque
463 5588 519 5637 et
542 5582 668 5638 aliis
682 5584 990 5658 virtutibus
1010 5581 1279 5658 nonnulla
1307 5581 1859 5658 subdantur.Saussa-

264 5651 357 5722 jus
393 5651 491 5720 ait,
530 5662 652 5725 post
681 5655 829 5711 Petri
860 5665 1093 5714 mortem
1133 5655 1350 5714 diversa
1378 5656 1547 5714 Italia:
1580 5657 1698 5714 loca
1727 5671 1860 5729 per-

1959 3217 2158 3272 divini.
2195 3215 2306 3271 Vos
2334 3214 2504 3282 enim,
2539 3211 2742 3285 inquit,
2776 3211 3077 3265 maximam
3108 3217 3161 3263 et
3183 3205 3557 3263 innumerabi-

1961 3311 2069 3365 lem
2098 3305 2309 3378 plebem
2355 3304 2592 3359 Domino
2630 3301 2957 3374 acquisituri
3007 3300 3138 3355 estis
3186 3315 3254 3354 ex
3289 3298 3566 3371 gentibus,
3651 3363 3659 3371 _

1962 3405 2015 3452 et
2061 3393 2434 3452 introducturi
2483 3393 2540 3448 in
2590 3400 2792 3446 terram
2841 3389 3305 3462 repromissionis.
3367 3388 3566 3460 Sicque

1963 3495 2084 3558 post
2114 3486 2287 3540 multa
2325 3482 2559 3554 singulis
2592 3479 2905 3536 contradita
2936 3487 2989 3534 et
3010 3477 3271 3534 omnibus
3292 3477 3457 3534 simul
3489 3493 3565 3531 re-

1963 3581 2137 3631 serata
2164 3573 2290 3629 ﬁdei
2341 3573 2713 3637 Sacramenta,
2760 3567 2898 3624 dans
2945 3585 3134 3641 pacem
3175 3566 3456 3632 omnibus,
3491 3565 3568 3621 ita

1963 3682 2055 3721 eos
2082 3662 2341 3731 absolvit,
2382 3670 2436 3718 et
2458 3660 2626 3734 jussit
2667 3665 2912 3716 sanctam
2962 3657 3116 3714 illam
3164 3656 3565 3714 fraternitatem

1964 3755 2022 3810 in
2044 3769 2172 3827 pace
2198 3751 2366 3808 abire.

2599 3893 2827 3954 CAPUT
2865 3894 2936 3950 ΙΙ.

2232 3995 2299 4052 In
2326 3994 2493 4052 Italia
2514 3994 2796 4067 praedicat,
2823 3993 2963 4050 venit
2988 3992 3280 4048 Arelatem.

2037 4109 2090 4166 5.
2131 4109 2239 4177 Qui
2286 4111 2453 4166 simul
2502 4120 2787 4181 pergentes
2814 4127 2878 4166 ac
2924 4108 3284 4182 praedicantes
3322 4105 3567 4179 primum

1968 4217 2064 4274 per
2095 4215 2313 4257 omnem
2338 4198 2553 4254 Italiam
2583 4197 2814 4252 verbum
2841 4197 2962 4263 Dei,
2998 4203 3288 4267 antequam
3311 4193 3568 4250 Ticinum

1969 4290 2517 4364 appropinquassent,
2547 4295 2572 4330 ε
2618 4285 2854 4358 quodam
2906 4283 2965 4338 in
3013 4283 3136 4337 loco
3174 4298 3284 4336 non
3330 4282 3568 4336 multum

1971 4381 2130 4451 longe
2169 4394 2200 4433 a
2229 4377 2475 4445 civitate,
2509 4391 2628 4447 qua:
2656 4373 2864 4431 dicitur
2900 4371 3114 4437 Parma,
3147 4369 3206 4424 in
3247 4368 3339 4422 via
3385 4369 3567 4422 visum

1971 4480 2052 4528 est
2075 4467 2394 4526 beatissimo
2419 4466 2684 4532 Luciano,
2717 4471 2778 4519 ut
2806 4461 3203 4534 evangelizaret
3232 4459 3437 4532 populo
3466 4474 3569 4514 eo-

1967 4561 2091 4618 dem
2123 4559 2180 4614 in
2207 4558 2390 4615 locum
2419 4553 2650 4610 verbum
2680 4553 2816 4620 Dei;
2859 4559 2913 4608 et
2943 4557 3226 4607 revocaret
3257 4563 3350 4604 eos
3375 4565 3407 4604 a
3427 4562 3568 4603 vana

1971 4730 2250 4794 lustrasse,
2280 4741 2341 4781 ac
2372 4722 2662 4799 late_ver_bi
2691 4722 2870 4799 divini
2899 4726 3198 4799 sementem
3225 4716 3566 4799 dispersisse.

2041 4813 2063 4838 ο
2100 4800 2342 4856 Lovetus
2371 4795 2564 4853 scribit
2597 4795 2924 4869 Dionysium
2955 4795 3181 4869 Romam
3218 4795 3455 4858 venisse,
3482 4795 3562 4869 .ut

1971 4872 2193 4928 Petrum
2221 4877 2275 4925 et
2291 4869 2520 4924 Paulum
2541 4861 2790 4938 captivos
2811 4867 3010 4922 viseret
3036 4883 3048 4932 ;
3074 4863 3166 4938 sed
3187 4879 3313 4920 cum
3335 4861 3567 4938 appulit,

1971 4942 2253 5015 reperisse,
2281 4933 2732 5015 illisinterfectis,
2756 4938 3093 5015 Clementem
3109 4934 3224 5015 jam
3249 4933 3565 5015 pontiﬁcem

1969 5005 2248 5079 creatumj
2280 5029 2405 5068 cum
2435 5028 2466 5067 a
2494 5011 2640 5066 Petri
2660 5005 2806 5066 caede
2836 5009 2904 5065 ad
2925 5005 3223 5067 Clementis
3245 5005 3569 5080 electionem

1971 5088 2157 5158 plures
2195 5073 2459 5158 ﬁnxerint
2485 5083 2638 5158 anni,
2673 5073 3567 5158 ponlitigatum.gerentibu’snL’ino

1971 5143 2025 5212 ἐι
2044 5156 2219 5221 Cleto,
2251 5161 2313 5208 ut
2341 5153 2408 5209 de
2439 5155 2544 5210 hoc
2571 5143 2820 5209 dicemus
2848 5143 2916 5206 26
2941 5143 3119 5221 April.
3153 5145 3219 5200 de
3242 5145 3340 5221 illo
3367 5143 3435 5199 23
3463 5143 3569 5198 Se-

1971 5214 2217 5299 ptembr:
2238 5240 2309 5299 ac_
2323 5225 2392 5299 de
2411 5214 3385 5299 Clemente_agemus_2'3.Novembr.‘
3498 5285 3508 5294 ν

2044 5297 2061 5332 ί
2081 5297 2194 5368 Alii
2220 5311 2251 5349 a
2279 5295 2333 5351 S.
2364 5295 2668 5368 Dionysio;
2691 5287 3084 5368 Martyrologia
3107 5287 3564 5368 Silvanectensia,

1972 5375 2110 5496 :estie
2136 5367 2364 5494 vaeto,
2391 5381 2423 5420 a
2464 5363 2529 5423 Sf
2573 5365 2780 5438 Regulo
2825 5363 3141 5436 episcopum
3190 5364 3564 5415 consecratum

1993 5456 2054 5494 ra
2096 5454 2171 5494 un
2203 5482 2214 5493 .

1969 5447 2214 5495 tradunt.

2042 5520 2069 5556 σ
2106 5506 2361 5567 Fidentite
2387 5507 2569 5577 Julia,
2603 5514 2662 5564 ut
2689 5521 2821 5562 mox
2852 5503 3085 5576 patebit,
3127 5502 3274 5559 inter
3309 5502 3566 5559 Parmam

1969 5591 2025 5640 et
2051 5580 2397 5640 Placentiam.
