4078 6182
543 283 685 340 1115

1575 274 1828 334 onoms
1867 239 2443 332 BELLOVACENSIS
2480 263 2793 332 EPISCOPI

3701 276 3840 333 1116

535 436 920 512 superstitione
941 442 995 492 et
1015 434 1230 492 cultura
1253 432 1552 498 idolorum,
1574 440 1795 505 propter
1819 432 1958 489 illud
1984 432 2129 506 quod
2163 434 2214 494 Α
2244 434 2411 503 stulo,
2463 441 2625 508 atque
2675 446 2786 488 una
2821 447 2948 489 cum
2979 430 3182 489 sanctis
3211 430 3327 488 suis
3357 432 3844 493 commilitonibus

535 530 752 588 canitur
780 529 838 585 in
868 527 1080 601 psalmo
1114 542 1125 580 :
1159 531 1338 580 euntes
1377 523 1526 578 ibant
1554 529 1599 578 et
1643 524 1836 594 ﬂebant
1878 524 2131 579 mittentes

535 620 732 675 semina
763 635 860 673 sua
891 636 912 684 ;
939 625 992 673 et
1022 632 1141 689 quae
1169 621 1449 687 acceperat
1477 630 1540 670 ac
1567 613 1612 668 si
1647 613 1826 669 ﬁdelis
1853 614 2129 685 dispensa-

532 715 866 782 tererogaret
901 706 960 762 in
1009 705 1233 778 populo.
1268 703 1372 760 Sed
1405 704 1659 760 homines
1686 704 1792 760 loci
1814 703 1964 759 illius
2003 720 2128 760 cum

534 807 714 857 essent
743 797 924 854 adhuc
952 796 1201 869 gentiles,
1236 803 1288 850 et
1323 795 1561 850 nimium
1590 793 1864 850 idolorum
1887 794 2129 850 cultibus

533 888 829 960 implicati,
862 885 1094 958 injurias
1117 886 1348 941 deorum
1369 901 1591 940 suorum
1613 900 1725 938 non
1758 883 2010 951 ferentes,
2035 899 2125 939 ne-

537 995 641 1051 que
676 977 782 1034 sibi
814 976 1038 1033 verbum
1073 974 1437 1046 evangelizari
1469 974 1743 1042 divinum,
1774 991 1904 1030 mox
1925 991 2122 1047 appre-

536 1068 784 1125 hendunt
809 1067 1214 1123 sanctissimum
1243 1065 1569 1132 Lucianum,
1593 1075 1646 1122 et
1675 1065 2028 1122 contumeliis
2052 1065 2126 1120 af-

537 1159 740 1215 fectum
771 1164 1098 1230 possuerunt
1119 1172 1240 1212 eum
1264 1157 1321 1210 in
1351 1154 1602 1212 custodia
1625 1155 1862 1226 publica,
1890 1171 2009 1226 qua:
2036 1153 2125 1209 ad-

541 1251 648 1305 huc
678 1247 842 1303 hodie
862 1254 1198 1303 monstratur
1226 1244 1486 1301 omnibus
1513 1262 1575 1300 eo
1595 1247 1648 1300 in
1680 1246 1799 1299 loco
1829 1253 2127 1300 transeun—

535 1337 703 1394 tibus.
737 1338 798 1392 In
839 1353 946 1410 qua
996 1352 1121 1392 cum
1167 1336 1564 1408 ingrederetur,
1624 1351 1820 1407 magno
1865 1334 2127 1406 psallebat

532 1443 656 1483 cum
687 1426 909 1498 gaudio,
943 1425 1020 1481 ita
1042 1425 1231 1482 dicens
1265 1445 1276 1483 ε
1309 1424 1498 1482 Deduc
1529 1443 1631 1491 me,
1664 1425 1916 1491 Domine,
1951 1425 2008 1479 in
2037 1423 2128 1478 via

535 1527 648 1585 tua,
680 1524 733 1572 et
756 1517 1034 1589 ingrediar
1061 1517 1119 1571 in
1140 1517 1374 1572 veritate
1395 1525 1516 1582 tua;
1536 1523 1696 1588 atque
1723 1514 1861 1571 illud
1888 1533 1897 1569 :
1924 1513 2128 1569 Perﬁce

532 1622 746 1678 gressus
780 1622 927 1663 meos
949 1606 1007 1662 in
1036 1607 1250 1664 semitis
1279 1606 1412 1676 tuis,
1447 1613 1508 1661 ut
1538 1622 1650 1661 non
1682 1612 2009 1660 moveantur
2039 1619 2125 1658 ve-

533 1695 694 1768 stigia
725 1711 862 1751 mea.

600 1877 651 1935 6.
691 1877 888 1951 Sicque
926 1878 1014 1933 vir
1042 1886 1267 1934 sanctus
1308 1877 1365 1933 in
1397 1876 1501 1933 hac
1527 1893 1582 1932 se
1627 1878 1818 1948 agebat
1864 1877 2133 1948 custodia,

530 1967 682 2038 quasi
730 1968 831 2022 sub
862 1967 1055 2021 umbra
1084 1968 1297 2021 alarum
1349 1967 1468 2033 Dei,
1512 1975 1564 2020 et
1611 1975 1756 2021 totus
1789 1969 1842 2022 in
1893 1986 1985 2040 spe
2017 1987 2134 2040 pro-

528 2055 787 2110 tectionis
835 2054 1042 2112 Christi
1097 2056 1308 2124 positus
1339 2054 1526 2108 orabat
1566 2055 1889 2125 Dominum,
1940 2059 2017 2113 ita
2045 2059 2129 2114 di-

526 2160 654 2200 cens
679 2162 690 2200 :
718 2144 894 2211 Educ,
930 2146 1184 2214 Domine,
1210 2144 1276 2199 de
1305 2144 1554 2201 custodia
1575 2146 1813 2201 animam
1841 2163 2038 2215 meam,
2062 2149 2129 2204 ad

526 2235 901 2292 conﬁtendum
935 2235 1145 2291 nomini
1181 2247 1312 2300 tuo;
1365 2235 1623 2307 quoniam
1676 2253 1761 2290 me
1811 2245 2128 2308 exspectant

519 2327 691 2400 justi:
725 2336 787 2384 ut
818 2344 910 2400 per
932 2329 1036 2393 me,
1066 2326 1284 2386 Christe
1314 2329 1554 2383 salvator
1588 2328 1800 2396 mundi,
1836 2327 1900 2383 ad
1935 2337 1986 2384 te
2011 2329 2123 2402 jus-

525 2417 808 2476 tiﬁcentur
827 2435 894 2474 ex
917 2417 1194 2490 gentibus,
1227 2418 1320 2492 qui
1353 2417 1724 2492 praedestinati
1769 2426 1897 2474 sunt
1928 2419 1996 2474 aii
2044 2419 2123 2474 vi-

524 2519 657 2568 tam.
694 2509 832 2568 Cum
880 2511 1015 2567 talia
1063 2519 1116 2565 et
1159 2508 1541 2582 hujuscemodi
1576 2508 1765 2563 beatus
1817 2515 1871 2563 et
1904 2516 2124 2564 sanctus

524 2601 687 2657 corde
709 2601 949 2656 Domino
980 2600 1310 2666 decantaret,
1352 2616 1483 2654 mox
1503 2599 1695 2670 petitio
1726 2598 1843 2670 ejus
1877 2607 2120 2670 penetra-

526 2690 610 2746 vit
639 2690 827 2757 coelos,
861 2707 929 2746 ne
950 2690 1070 2746 sine
1091 2690 1210 2746 suis
1238 2697 1546 2746 remaneret
1567 2689 1622 2744 in
1648 2693 1755 2754 via,
1779 2689 2016 2763 quicum
2044 2692 2122 2746 eis

524 2779 748 2851 optabat
768 2781 847 2836 ire
878 2779 945 2835 ad
974 2781 1302 2851 passionem,
1338 2789 1392 2837 et
1423 2780 1707 2853 pervenire
1737 2780 1803 2835 ad
1836 2796 1972 2852 quos
1995 2781 2119 2838 mis-

523 2885 616 2924 sus
649 2869 844 2924 fuerat.
886 2870 1005 2924 Non
1037 2870 1220 2942 itaque
1251 2870 1542 2942 praeclarus
1572 2871 1779 2926 athleta
1807 2869 2014 2928 Christi
2041 2888 2117 2928 re-

521 2955 765 3027 fugiebat
793 2971 891 3027 pro
914 2954 1133 3012 Christo
1162 2957 1291 3012 vitae
1321 2957 1671 3028 dispendium
1705 2958 2000 3029 percipere,
2025 2957 2119 3013 sed

521 3045 744 3119 rogabat
776 3045 1010 3101 devotus
1044 3055 1103 3102 ut
1133 3046 1284 3118 prius
1310 3047 1513 3102 faceret
1544 3046 1781 3102 fructum
1805 3046 1912 3102 sibi
1943 3064 1972 3102 a
2013 3049 2117 3104 Do-

521 3135 673 3192 mino
709 3135 1124 3209 repromissum,
1157 3142 1210 3191 et
1245 3142 1360 3190 tum
1393 3135 1614 3191 demum
1646 3153 1768 3193 cum
1798 3139 1974 3193 multo
2004 3137 2115 3194 fm-
2151 3167 2193 3227 Ο

518 3244 651 3284 nore
685 3227 877 3284 messis
900 3227 1209 3300 perveniret
1241 3243 1349 3283 una
1375 3244 1501 3285 cum
1548 3228 1714 3284 sociis
1747 3245 1860 3284 suis
1888 3228 1952 3285 ad
1991 3231 2116 3303 pal-

516 3333 660 3372 mam
689 3317 966 3390 martyrii,
994 3325 1047 3373 et
1075 3317 1143 3374 ad
1165 3315 1294 3372 vita:
1316 3317 1624 3390 praemium.
1649 3318 1752 3376 Cui
1779 3318 1964 3392 itaque
1986 3336 2114 3374 mox

513 3409 577 3465 ad
611 3408 719 3464 fuit
742 3408 933 3464 divina
963 3409 1142 3464 virtus
1164 3408 1218 3464 in
1253 3407 1611 3479 adjutorium.
1636 3413 1656 3436 "
1689 3409 1859 3466 Erant
1905 3409 2110 3465 ibidem

507 3499 620 3572 jam
653 3499 878 3573 quidam
917 3500 1239 3570 Christiani,
1287 3519 1422 3574 quos
1464 3501 1646 3574 tetigit
1676 3502 1866 3559 divina
1896 3503 2108 3559 virtus:

511 3589 746 3646 scientes
785 3591 931 3663 quod
981 3592 1186 3648 factum
1233 3591 1410 3647 fuerat
1454 3594 1511 3648 in
1541 3601 1728 3648 sancto
1759 3595 1900 3661 viro,
1944 3609 2109 3650 vene-

510 3690 641 3737 runt
670 3691 832 3740 nocte
861 3682 926 3737 ad
962 3699 1086 3738 eum
1117 3684 1175 3738 in
1206 3699 1498 3752 carcerem,
1532 3693 1584 3739 et
1631 3692 1745 3738 arte
1773 3700 1878 3756 qua
1908 3693 2110 3757 potue-

511 3779 642 3827 runt
672 3787 771 3844 pro
822 3770 1027 3828 Christi
1071 3787 1256 3827 amore
1293 3771 1648 3828 absolverunt
1687 3790 1811 3828 eum
1854 3772 1920 3828 de
1947 3791 2109 3846 erga-

577 3881 600 3908 ³
630 3869 731 3926 Ms.
763 3871 813 3926 S.
860 3870 1007 3926 Max.
1039 3877 1093 3925 et
1128 3871 1364 3925 Lovetus
1391 3887 1462 3926 ex
1507 3869 1616 3924 alio
1662 3870 1742 3926 Ms
1807 3874 1945 3927 Erat
1971 3874 2108 3927 enim

507 3940 696 4014 ibidem
717 3940 1410 4014 jam_Ciiristirdiscipulus,
1435 3942 1732 4014 Domninus
1760 3944 1984 4012 nomine,
2015 3946 2107 4014 qui

503 4011 765 4084 perfectus
791 4012 968 4084 adhuc
986 4012 1139 4066 hodie
1157 4015 1428 4078 confessor
1460 4013 1658 4069 Christi
1684 4014 1737 4067 in
1767 4015 1941 4069 eodem
1972 4011 2100 4084 loco,

499 4081 604 4157 pro
635 4081 842 4157 talibus
854 4082 1212 4157 hujuscemodi
1235 4084 1479 4155 operibus
1510 4085 1780 4157 requiescit
1802 4087 1856 4140 in
1885 4081 2104 4157 corpore

539 4152 784 4209 Ioriosus.
813 4154 953 4227 Nam
989 4161 1037 4208 et
1072 4155 1182 4227 ipse
1208 4152 1349 4210 locus
1391 4174 1456 4211 ea:
1493 4152 1605 4226 ejus
1636 4158 1841 4212 nomine
1877 4152 2102 4214 vocabu-

528 4241 616 4280 um
635 4226 876 4296 sumpsit,
900 4232 1030 4294 etc,.
1063 4226 1246 4282 narrat
1267 4227 1336 4283 ab
1356 4245 1420 4284 eo
1441 4227 1700 4284 eductum
1732 4237 1891 4285 nocte
1919 4232 2100 4286 Luciu-

503 4313 717 4373 num__e
754 4313 991 4373 carcere,
1035 4297 1115 4373 in_
1148 4315 1320 4373 quem,
1355 4300 1467 4371 ipse
1499 4300 1708 4373 idcirco
1740 4303 2004 4373 postridie
2034 4304 2102 4360 ad

501 4367 710 4443 accolis
746 4367 1028 4443 conjectus
1073 4367 1179 4443 sitf
1209 4367 1413 4443 Eadem
1447 4371 1612 4427 refert
1641 4367 1943 4443 Sau-ssajus,
1989 4374 2100 4430 nisi

538 4440 647 4523 uod
679 4440 886 4523 Parmae
926 4441 1060 4523 v_elit
1089 4442 1195 4498 ista
1248 4442 1525 4523 cotigisse.
1575 4444 1776 4523 Yerum
1811 4440 1926 4523 haec
1955 4445 2008 4523 si
2032 4446 2099 4501 ab

2241 527 2478 584 liberum
2507 526 2658 582 abire
2693 526 2959 582 fecerunt.
3843 595 3846 597 Α

2313 619 2368 674 7.
2409 619 2481 673 At
2513 633 2642 673 vero
2665 618 2762 672 illa
2790 624 2979 673 sancta
3007 615 3241 672 societas
3269 617 3546 690 prosperis
3575 621 3844 677 successi-

2239 705 2342 762 bus
2372 707 2503 764 hinc
2551 706 2677 762 inde
2717 707 2973 763 Ticinum
3011 705 3244 761 veniunt
3274 705 3297 741 δ
3322 705 3390 761 ad
3421 707 3622 778 regiam
3668 711 3845 767 Italia:

2240 799 2541 857 civitatem.
2573 798 2654 854 Ibi
2689 797 2961 871 siquidem
2985 796 3271 870 paululum
3299 797 3845 870 requiescentes,non

2242 890 2524 945 cessabant
2552 906 2583 944 a
2614 889 2869 944 laudibus
2909 887 3140 955 divinis,
3174 903 3350 959 neque
3381 887 3707 946 deﬁciebant
3742 891 3848 947 ubi

2243 980 2326 1034 vel
2350 979 2443 1034 ubi
2470 979 2764 1051 praadicare
2786 978 3014 1033 verbum
3039 977 3160 1045 Dei,
3197 978 3270 1032 ita
3289 985 3350 1033 ut
3379 995 3625 1036 cerneres
3645 997 3845 1037 eorum

2238 1070 2601 1143 prophetiam,
2643 1069 2772 1140 quia
2791 1068 3009 1139 speciosi
3031 1067 3185 1138 pedes
3214 1069 3686 1139 euangelizantium
3723 1089 3848 1142 pa-

2239 1183 2364 1233 cem,
2391 1167 2861 1237 evangelizantium
2898 1168 3032 1222 bona
3063 1167 3237 1236 (Rom.
3272 1181 3330 1232 x,
3367 1165 3480 1235 15).
3517 1167 3628 1223 Huc
3661 1168 3848 1226 illuc-

2239 1273 2342 1328 que
2375 1256 2745 1327 discurrentes
2775 1255 3116 1311 conﬁdenter
3146 1253 3396 1326 agebant,
3415 1255 3605 1312 conﬁsi
3634 1273 3705 1314 ex
3735 1260 3846 1320 Dei

2239 1346 2470 1401 auxilio.
2505 1345 2661 1400 Ibant
2685 1345 2854 1417 igitur
2885 1345 3180 1415 gaudentes
3201 1361 3470 1401 memores
3497 1362 3683 1403 eorum
3713 1367 3848 1422 quae

2238 1435 2294 1490 in
2326 1435 2479 1492 Actis
2507 1434 3176 1507 legunturapostolorum,
3211 1433 3471 1507 quoniam
3505 1444 3554 1490 et
3588 1437 3689 1510 ipsi
3719 1438 3845 1509 jam

2240 1527 2534 1597 participes
2562 1533 2717 1580 erant
2737 1524 2863 1580 facti
2898 1525 3208 1596 passionum
3234 1525 3462 1594 Christi,
3496 1527 3719 1598 etdigni
3745 1530 3846 1584 ha-

2239 1617 2339 1673 biti
2372 1635 2470 1690 pro
2504 1616 2620 1688 ejus
2654 1615 2876 1670 nomine
2908 1614 3271 1669 contumelias
3316 1615 3425 1686 pati
3457 1616 3596 1678 (Act.
3625 1633 3682 1682 v,
3719 1615 3838 1685 41),

2239 1709 2344 1776 Qui
2385 1709 2548 1763 simul
2592 1714 2894 1779 pergentes,
2946 1705 3132 1759 nullus
3167 1712 3246 1759 est
3286 1703 3378 1776 qui
3413 1705 3627 1761 edicere
3673 1717 3840 1779 queat

2156 1804 2201 1863 Β
2237 1805 2372 1870 quot
2422 1797 2595 1851 millia
2645 1794 2930 1850 hominum
2965 1795 3215 1849 conversi
3262 1794 3374 1848 sint
3404 1793 3456 1848 in
3491 1802 3743 1868 tempore
3776 1798 3840 1852 ad

2248 1886 2561 1944 Christum:
2606 1893 2660 1939 et
2707 1883 3082 1955 prmdicahant
3115 1883 3553 1954 evangelizantes
3581 1886 3844 1943 omnibus

2245 1977 2469 2032 verbum
2522 1974 2736 2029 salutis.
2783 1971 3163 2030 Comitabatur
3191 1983 3372 2026 autem
3404 1989 3496 2028 eos
3534 1973 3719 2028 virtus
3748 1973 3841 2028 di-

2244 2069 2393 2135 vina,
2428 2067 2501 2121 ita
2530 2073 2591 2121 ut
2620 2070 2906 2120 cernentes
2935 2079 3027 2117 eos
3053 2077 3115 2118 ac
3143 2061 3186 2116 si
3220 2061 3343 2116 caeli
3374 2061 3542 2131 cives,
3590 2071 3643 2118 et
3674 2079 3841 2135 agnos

2241 2159 2385 2214 inter
2419 2158 2593 2227 lupos,
2618 2155 2789 2226 signis
2818 2164 2871 2209 et
2892 2152 3192 2208 virtutibus
3221 2168 3525 2221 coruscare,
3560 2161 3839 2225 portantes

2238 2259 2290 2305 et
2327 2246 2706 2303 illuminantes
2732 2245 2828 2301 Dei
2864 2245 3162 2300 electorum
3194 2244 3426 2299 animas.

2307 2339 2358 2394 8.
2419 2337 2615 2408 Sicque
2670 2331 2888 2388 tandem
2946 2337 3213 2385 exeuntes
3273 2330 3340 2385 ab
3367 2331 3541 2399 Italia,
3606 2331 3834 2406 ingressi

2235 2443 2399 2483 cursu
2421 2439 2677 2498 prospero
2704 2438 2850 2477 mare
2883 2419 3148 2476 ﬂantibus
3171 2418 3374 2488 ventis,
3401 2421 3627 2492 navigio
3648 2438 3833 2494 perve~

2235 2525 2436 2574 nerunt
2467 2515 2559 2570 ubi
2592 2530 2683 2568 eos
2731 2511 2969 2582 Spiritus
3010 2518 3230 2566 sanctus
3263 2519 3407 2566 recto
3438 2511 3704 2582 perduxit
3736 2512 3836 2568 iti-

2233 2624 2380 2674 nere,
2420 2613 2474 2662 et
2526 2602 2707 2676 portui
2758 2601 3092 2673 appulerunt
3138 2600 3546 2656 Arelatensium
3589 2603 3836 2658 civitatis

2231 2698 2484 2755 alacriter
2503 2712 2628 2752 cum
2655 2692 2983 2766 gaudio.Qui
3016 2700 3280 2749 exeuntes
3308 2691 3374 2747 de
3405 2693 3555 2760 navi,
3591 2692 3835 2766 hospitio

2233 2787 2430 2860 recepti
2455 2792 2585 2842 sunt
2605 2784 2671 2840 ab
2703 2782 2900 2838 incolis
2917 2781 3158 2853 ejusdem
3191 2781 3454 2851 civitatis,
3487 2783 3583 2856 qui
3612 2784 3692 2838 eis
3725 2801 3831 2839 non

2230 2875 2501 2930 modicam
2530 2869 2862 2945 praestabant
2893 2870 3316 2927 humanitatem.
3350 2871 3453 2930 Ubi
3491 2889 3621 2929 cum
3650 2881 3832 2930 essent

2229 2962 2431 3036 pariter
2459 2961 2753 3034 aggregati,
2790 2976 2939 3016 more
2965 2967 3282 3016 sanctorum
3313 2961 3690 3033 apostolorum
3724 2978 3829 3017 co:-

2229 3060 2426 3125 perunt
2449 3051 2653 3108 ibidem
2685 3051 2847 3107 simul
2879 3049 3244 3123 coinquirere,
3268 3051 3469 3123 singuli
3491 3068 3629 3125 quas
3650 3061 3831 3124 partes

2228 3144 2285 3200 in
2319 3142 2763 3215 praedicationem
2797 3141 3082 3213 eligerent,
3117 3141 3282 3214 quive
3313 3143 3518 3213 pariter
3539 3140 3727 3213 juncti
3753 3143 3829 3197 ire

2225 3233 2503 3290 deberent.
2536 3232 2732 3305 Sicque
2778 3231 2981 3288 factum
3015 3239 3096 3287 est
3127 3239 3185 3288 ut
3216 3241 3237 3268 °
3269 3232 3656 3288 Marcellinum
3689 3248 3829 3288 san-

2225 3323 2529 3378 ctissimum
2556 3338 2681 3378 cum
2713 3321 2922 3394 paucis,
2970 3330 3031 3376 ut
3059 3321 3251 3387 fertur,
3280 3321 3347 3377 ad
3379 3322 3668 3394 Hispanias
3700 3323 3827 3378 mit-

2224 3421 2400 3468 terent
2425 3431 2438 3479 ;
2471 3413 2494 3446 ί¹
2525 3411 2885 3468 Saturninum
2913 3427 3045 3466 vero
3068 3410 3321 3466 Tolosam
3355 3411 3626 3484 dirigunt,
3652 3426 3670 3449 ε
3691 3429 3756 3468 ac
3779 3412 3821 3467 si

2222 3501 2289 3557 ad
2321 3501 2632 3573 Aquitaniae
2664 3508 2847 3573 caput,
2880 3509 2940 3557 ut
2985 3502 3142 3572 longe
3193 3500 3407 3572 lateque
3441 3500 3630 3557 aeterni
3663 3503 3820 3575 regni

2221 3591 2582 3664 Evangelium
2635 3598 2993 3663 propagarent
3022 3590 3077 3644 in
3106 3590 3381 3662 gentibus,
3420 3599 3474 3646 et
3500 3592 3822 3663 plantarent

2220 3681 2494 3738 Ecclesias
2523 3680 2730 3738 Christi
2761 3679 2962 3752 passim
2994 3695 3164 3753 usque
3191 3679 3259 3736 ad
3291 3679 3568 3736 Oceanum
3601 3680 3817 3736 Britan-

2217 3772 2405 3828 nicum
2433 3771 2470 3827 ί.

2217 3874 2475 3930 Ecclesiae
2506 3871 2788 3929 Tolosanze
2815 3871 3132 3939 traditione,
3159 3878 3220 3927 ut
3241 3877 3389 3944 patet
3417 3886 3487 3927 ex
3510 3871 3818 3929 Guilielmo

2217 3945 2448 4002 Catellio
2480 3946 2529 4001 1.
2563 3945 2596 4000 5
2625 3944 2878 4000 Historiae
2910 3945 3202 4001 Occitanze.

2286 4029 2304 4052 ε
2337 4017 2454 4072 Non
2487 4027 2568 4073 est
2612 4016 2915 4087 Aquitanica
2950 4015 3196 4072 civitatis
3239 4017 3454 4085 Tolosa,
3488 4016 3583 4073 sed
3615 4019 3819 4075 Gallic

2213 4089 2585 4144 Narbonensit.
2606 4088 2736 4144 Iuleo
2767 4099 2946 4144 autem
2977 4097 3138 4144 vocat
3167 4096 3356 4144 auctor
3388 4089 3697 4158 Aquitanica
3729 4108 3813 4146 oa-

2211 4167 2324 4229 put,
2357 4161 2485 4232 quia
2514 4161 2824 4232 Aquitaniae
2857 4159 3321 4232 regesAripertus
3363 4159 3652 4232 Dagoberti
3686 4161 3818 4217 fra-

2213 4239 2313 4304 ter,
2339 4230 2391 4287 et
2419 4230 2736 4304 Ludovicus
2758 4232 2905 4304 Pius,
2929 4230 3115 4287 Sedem
3139 4230 3350 4304 regiam
3371 4231 3580 4288 Tolosa
3608 4232 3811 4290 ﬁxere.

2211 4303 2372 4360 Plura
2401 4303 2468 4359 de
2498 4303 2586 4359 his
2615 4302 2896 4359 Catellius.

2282 4375 2300 4410 ι
2339 4376 2577 4430 Lovetus
2624 4376 2808 4446 plures
2836 4382 3120 4432 enumerat
3161 4390 3352 4432 eorum
3382 4376 3578 4442 socios,
3634 4378 3818 4433 variis

2246 4447 2427 4529 epulis
2456 4447 2623 4529 datos
2637 4447 2921 4529 Qvangelii
2955 4462 3250 4529 praecones,
3367 4449 3623 4529 Regulum
3653 4449 3815 4529 ﬁre:-

549 4512 690 4568 done
717 4512 926 4590 scripta
944 4514 1115 4590 fuere,
1146 4530 1257 4590 non
1278 4512 1448 4590 miror
1467 4515 1672 4590 in_aliis
1692 4517 2097 4590 exemplaribus
2124 4531 2170 4588 ι)
2207 4512 2528 4578 latensibus.
2560 4517 2627 4574 30
2661 4512 2836 4574 Martii
2873 4512 3026 4590 faslis
3053 4512 3579 4590 sacris’adscriptum
3605 4537 3620 4578 ;
3659 4520 3818 4576 Ursi-

499 4599 614 4640 esse
642 4584 862 4641 omissa.
880 4584 1017 4641 Nam
1047 4586 1165 4641 sive
1193 4585 1248 4642 S.
1279 4585 1578 4644 Clementis
1599 4593 1774 4654 aetate,
1797 4584 1913 4642 sive
1944 4589 2093 4645 Decii

500 4654 840 4730 temporibus
867 4657 1022 4730 venit
1047 4655 1106 4712 in
1145 4657 1378 4714 Galliam
1427 4657 1872 4730 Lucianus,_non
1919 4661 2098 4730 potuit

498 4726 630 4800 eum‘
655 4726 709 4800 ξ.
739 4726 1034 4800 Domninus
1054 4729 1251 4799 capitis
1278 4729 1364 4784 sui
1402 4726 1653 4800 periculo
1691 4726 1944 4800 liberare,
1977 4731 2092 4800 qui,

497 4804 560 4873 ut
587 4798 620 4853 9
649 4795 904 4873 Octobris
947 4795 1215 4873 dicem-us,
1234 4795 1417 4873 pannis
1444 4807 1565 4872 post
1604 4799 1833 4873 Decium
1866 4795 2093 4873 quadra-

497 4867 997 4942 gintaMaximiani
1029 4870 1425 4942 cubiculiarius
1444 4867 1578 4938 erat,
1612 4870 1799 4942 ibique
1821 4867 1919 4942 pro
1939 4873 2095 4930 Chri-

497 4939 568 5020 sti
594 4940 702 5024 ﬁde
735 4940 1079 5024 interfectus,
1120 4941 1246 5024 loco
1277 4941 1536 5024 deinceps
1566 4939 1767 4996 nomen
1808 4939 1962 5013 fecit,
2000 4946 2093 5017 qui

488 5013 602 5083 jam
634 5013 872 5080 Burgum
904 5013 959 5069 S.
993 5013 1246 5069 Domnini
1271 5013 1496 5070 dicitur.
2015 5013 2032 5017 “

504 5084 749 5166 _.b_Non
782 5084 892 5166 nisi
922 5085 1230 5166 G_oth_orum
1263 5084 1604 5160 temporibus
1648 5085 1796 5159 regia
1824 5086 1957 5144 urbs
1987 5087 2094 5144 fuit

503 5155 761 5228 Ticinum,
795 5157 912 5216 sive
942 5158 1135 5229 Papia.

563 5237 584 5264 °
627 5230 786 5289 Hunc
824 5229 1035 5285 omittit
1080 5230 1337 5298 Lovetus,
1386 5244 1488 5286 nec
1523 5229 1656 5285 satis
1693 5230 1832 5286 mihi
1878 5239 2092 5287 constat

530 5299 615 5375 uis
642 5301 828 5370 fuerit,
862 5301 969 5357 nisi
1001 5300 1141 5356 forte
1170 5301 1230 5375 S.
1256 5302 1856 5375 EugeniusMarcellus
1879 5304 2091 5375 primus

491 5315 615 5424 quis
642 5315 828 5370 tuerit,
862 5317 969 5357 n|Sl
1001 5315 1141 5356 torte
1170 5315 1225 5356 δ.
1256 5315 1536 5372 tangemus
1565 5315 1856 5358 marcellus
1879 5320 2090 5375 primus

537 5375 788 5448 oletanus
807 5371 1566 5448 ep_iscopus,_qui_S.Dionysii
1594 5373 1901 5448 discipulus
1923 5375 2090 5430 fuisse

491 5443 748 5514 traditur,
779 5443 1088 5514 co‘liturdue
1113 5443 1178 5501 15
1205 5443 1501 5501 Novembr.

529 5512 588 5589 ﬂ"
624 5512 1207 5589 Ast'Martyrologium
1230 5518 1562 5586 Romanum,
1594 5516 1736 5587 Ado,
1759 5516 1961 5589 aliique
1990 5517 2088 5571 De-

491 5588 560 5660 cii
595 5588 911 5660 temporibus
942 5588 1153 5660 Tolosa:
1172 5589 1440 5660 ioccisum
1489 5589 1735 5660 tradunt,
1781 5596 1834 5645 et
1860 5588 2086 5660 consen-

491 5656 637 5710 tiunt
675 5657 817 5713 Acta
861 5673 982 5730 quae
1026 5658 1094 5714 29
1139 5659 1436 5717 Novembr.
1464 5656 1753 5726 dabimus;
1787 5659 2088 5730 refragante

2204 4590 2812 4662 nuquiturigibus,qui
2830 4589 3220 4662 Nathanaelem
3237 4589 3404 4646 fuisse
3423 4589 3678 4662 volunt,9
3697 4591 3817 4647 No-

2205 4661 2467 4734 vembris,
2490 4670 2562 4734 et
2593 4661 2663 4734 2q
2694 4661 2989 4734 Decembr.
3009 4663 3314 4734 Clementem
3348 4661 3703 4734 Metensibus,
3744 4663 3818 4718 23

2203 4731 2558 4806 Novembris;
2585 4731 2904 4806 Crescentem
2924 4733 3332 4806 Viennensibus
3343 4731 3410 4789 27
3426 4732 3600 4806 Junii,
3628 4748 3815 4806 quan-

2205 4818 2364 4877 quam
2380 4804 2600 4860 tradant
2621 4805 2770 4861 hunc
2787 4813 2914 4860 ante
2927 4804 3224 4877 Clementis
3251 4804 3631 4877 pontiﬁcatum
3648 4804 3816 4877 imar-

2202 4876 2352 4946 tyrio
2377 4884 2695 4931 coronatum
2719 4895 2737 4941 ;
2759 4877 3091 4932 Andochium
3116 4875 3314 4932 {Eduis
3331 4875 3401 4931 24
3429 4875 3807 4946 Septembris,

2203 4962 2365 5073 quem
2418 4955 2600 5002 tamen
2643 4949 3098 5020 Martyrologium
3130 4949 3434 5004 Romanum
3469 4954 3522 5002 et
3545 4946 3646 5002 alii
3682 4958 3815 5004 tra-

2242 5027 2343 5073 unt
2370 5035 2400 5073 a
2428 5018 2481 5073 S.
2511 5019 2813 5073 Polvcarno
2845 5021 3073 5073 missum
3103 5021 3161 5073 in
3191 5020 3425 5073 Galliam
3451 5038 3463 5073 :
3498 5019 3808 5073 Benicmum

2242 5027 2343 5073 unt
2370 5035 2400 5073 a
2428 5018 2481 5074 S.
2511 5018 2813 5090 Polycarpo
2845 5018 3073 5076 missum
3103 5021 3161 5076 in
3191 5020 3425 5077 Galliam
3451 5038 3463 5086 ;
3498 5019 3808 5090 Benignum

2204 5089 2543 5164 Lingonibus
2569 5092 2591 5146 1
2614 5089 2963 5164 Novembris,
2985 5092 3080 5148 sed
3109 5100 3162 5148 et
3188 5093 3281 5149 hic
3309 5090 3596 5164 Polycarpi
3628 5089 3811 5164 disci-

2203 5164 2363 5233 pulus
2389 5162 2594 5218 dicitur
2623 5163 2824 5230 fuisse;
2857 5165 3290 5220 Austremonium
3318 5161 3580 5220 Arvernis
3617 5163 3644 5218 1
3681 5163 3811 5218 No—

2202 5232 2410 5288 vembr.
2446 5241 2709 5307 repugnat
2744 5235 2965 5300 Savaro,
2999 5243 3054 5290 et
3078 5235 3191 5307 ipse
3211 5236 3514 5307 Arvernus,
3537 5235 3809 5307 omnino.

2201 5321 2305 5375 que
2353 5305 2636 5360 contendit
2668 5321 2776 5361 non
2810 5307 2916 5363 nisi
2948 5305 3116 5362 Decio
3145 5315 3199 5362 et
3223 5307 3390 5361 Grato
3415 5305 3545 5361 cois.
3572 5306 3810 5361 venisse

2200 5375 2383 5432 isthuc
2418 5378 2868 5433 Austremonium
2898 5398 2911 5445 ;
2968 5379 3282 5433 Frontonem
3329 5376 3697 5446 Petragoricis
3730 5378 3808 5433 35

2199 5447 2473 5517 Octobris,
2523 5449 2638 5504 vita
2676 5449 2839 5505 habet
2874 5467 2904 5504 a
2936 5450 2989 5505 S.
3024 5450 3183 5505 Petro
3214 5449 3440 5505 missum
3467 5448 3524 5502 in
3559 5446 3803 5514 Gallias;

2197 5521 2521 5594 Eutropia-nt
2559 5521 2890 5594 santonibus
2919 5521 2988 5594 30
3012 5521 3250 5594 Aprilis;
3285 5521 3567 5594 Mellonum
3608 5519 3807 5575 Hoto-

2199 5590 2546 5662 magensibus
2597 5593 2668 5648 22
2705 5593 2978 5649 Octobris.
3017 5590 3117 5648 Ast
3159 5593 3251 5649 hic
3279 5609 3307 5648 a
3338 5590 3615 5663 Stephano
3648 5607 3808 5663 papa

2199 5669 2442 5735 tempore
2463 5663 2747 5720 Aureliani
2768 5665 3056 5738 episcopus
3085 5672 3298 5721 creatus
3316 5662 3522 5720 dicitur
3553 5662 3808 5732 (rectius
