4056 6190
256 341 398 398 1117

875 519 1102 579 CAPUT
1131 521 1223 577 IIl.

312 619 584 678 Bellovaci
605 620 909 704 praedicat;
951 623 1046 704 βε.
1079 619 1444 704 Maximianus
1469 622 1516 674 et
1541 617 1792 674 Julianus

735 700 994 764 martyrio
1023 700 1366 750 coronantur.

318 817 375 874 9.
403 814 620 884 Quibus
648 815 724 871 ita
753 815 1035 890 dispositis
1080 818 1142 874 Β.
1174 817 1496 890 Dionysius,
1529 815 1623 890 qui
1658 824 1711 872 et
1739 816 1849 872 alio

245 905 476 962 nomine
501 904 771 962 Macarius
803 923 899 977 pro
928 907 1098 963 nimia
1140 907 1446 963 sanctitatis
1476 907 1740 977 religione
1770 912 1850 962 est

244 1004 496 1061 vocatus,
547 995 639 1068 qui
691 1003 744 1051 et
793 994 1059 1052 honorem
1107 997 1443 1069 apostolatus
1493 995 1743 1052 tradente
1783 996 1845 1052 B.

244 1085 529 1143 Clemente
557 1095 889 1156 susceperat,
941 1095 994 1144 et
1037 1087 1388 1159 privilegium
1421 1085 1753 1159 praedicandi
1791 1086 1850 1142 in

244 1175 522 1248 gentibus,
556 1191 738 1231 secum
771 1175 952 1232 adhuc
981 1178 1414 1234 sacratissimum
1437 1177 1740 1233 Lucianum
1771 1193 1848 1234 re-

245 1264 483 1320 tinuisse
515 1271 762 1320 noscitur
794 1283 806 1320 :
841 1264 1013 1322 donec
1043 1266 1316 1322 Lutetiam
1345 1295 1366 1322 ι
1395 1267 1728 1324 Parisiorum
1758 1283 1851 1340 op-

244 1357 439 1430 pidum
495 1358 827 1430 perveniret.
873 1359 1027 1415 Unde
1060 1360 1248 1432 paucis
1289 1376 1472 1416 secum
1524 1361 1750 1417 retentis
1793 1361 1847 1417 S.

248 1448 579 1515 Lucianum,
645 1465 806 1521 quem
860 1447 966 1504 sibi
1020 1449 1279 1505 nobilitas
1332 1449 1460 1506 ﬁdei
1529 1451 1849 1520 sociaverat,

247 1537 494 1612 fidesque
542 1537 750 1596 Christi
801 1555 1118 1611 germanum
1164 1539 1389 1607 fecerat,
1437 1541 1679 1612 probitas
1723 1558 1853 1598 vero

247 1649 381 1687 mox
403 1639 457 1688 et
480 1631 746 1688 instantia
773 1631 1156 1703 conjunxerat,
1178 1649 1302 1689 cum
1327 1655 1350 1690 ιι
1375 1631 1430 1689 S.
1463 1631 1716 1688 Maxiano
1737 1649 1853 1704 pre.

242 1721 474 1794 sliytero
525 1730 577 1777 et
628 1722 848 1778 Juliano
911 1721 1165 1791 diacono,
1223 1723 1632 1794 evangelizandi
1683 1722 1855 1795 gratia

1455 319 1700 393 SERMO
1737 336 1808 393 IN
1845 336 1900 394 s.
1944 332 2326 392 LUCIANUM.

3420 330 3554 388 1118

1877 490 1929 549 Α
1953 483 2278 560 corporibus
2305 482 2631 542 decederent
2658 482 2911 540 obsessis.
2943 484 3014 539 Et
3041 482 3238 541 diebus
3270 501 3333 542 ac
3363 486 3554 543 nocti—

1956 576 2060 632 bus
2089 574 2437 649 praedicando
2481 591 2590 630 non
2621 590 2837 631 cessans
2886 573 3268 647 perseverabat
3311 583 3554 632 astruere

1956 681 2150 722 verum
2181 672 2236 720 et
2265 679 2436 720 unum
2472 664 2790 720 Dominum.
2827 663 3052 736 Semper
3079 662 3228 718 enim
3261 671 3377 719 erat
3394 681 3553 720 occu-

1956 763 2114 829 patus
2143 754 2203 810 in
2222 753 2468 809 oratione
2501 759 2553 808 et
2583 752 2597 778 τ
2621 752 2802 808 oﬂicio
2822 751 3036 820 divino,
3057 753 3115 808 in
3138 751 3346 825 vigiliis
3373 751 3557 824 pluri-

1958 844 2084 913 mis,
2114 851 2167 900 et
2189 842 2417 915 jejuniis
2447 841 2806 914 quotidianis,
2828 841 2886 896 in
2916 841 3249 898 abstinentia
3280 841 3552 907 ciborum,

1957 942 2012 991 et
2041 934 2098 990 in
2128 933 2281 990 omni
2310 931 2613 988 oﬂlictione
2643 929 2845 998 carnis,
2881 947 2988 1003 qua
3017 947 3072 985 se
3102 931 3349 1002 quotidie
3380 947 3552 987 mace.

1959 1024 2134 1092 rabat,
2160 1030 2428 1097 quatenus
2452 1021 2613 1092 juxta
2633 1021 2960 1093 Apostolum
2984 1035 3040 1074 se
3073 1017 3309 1073 hostiam
3344 1019 3550 1085 vivam,

1957 1113 2423 1185 beneplacentem,
2443 1110 2664 1166 Christo
2687 1107 2922 1164 Domino
2947 1105 3233 1162 exhiberet
3257 1107 3431 1175 (Rom.
3452 1122 3552 1185 xit,

1965 1202 2039 1273 1).
2086 1202 2238 1258 Unde
2267 1201 2517 1257 assiduus
2545 1199 2596 1254 ei
2636 1199 2818 1254 victus
2865 1198 3052 1252 nullus
3099 1190 3241 1251 alius
3283 1202 3415 1250 erat.
3451 1180 3554 1250 nisi

1962 1293 2214 1350 modicus
2243 1292 2418 1365 panis,
2452 1306 2684 1363 esusque
2736 1288 3049 1357 herbarum,
3083 1294 3136 1342 et
3182 1303 3321 1359 aqua
3359 1285 3557 1357 frigida

1961 1391 2140 1458 potus.
2207 1380 2556 1439 Sustentabat
2620 1387 2801 1436 autem
2840 1395 2966 1434 eum
3014 1377 3193 1432 virtus
3241 1376 3452 1443 divina,
3493 1393 3556 1433 ac

1962 1474 2205 1530 membra
2226 1471 2431 1529 debilia
2457 1467 2662 1528 Christi
2691 1467 2863 1538 gratia
2893 1464 3181 1522 rohorabat
3213 1481 3223 1518 :
3258 1464 3336 1520 sic
3356 1463 3556 1536 quippe

1963 1563 2253 1618 anhelabat
2281 1561 2472 1617 beatus
2503 1556 2786 1630 pervenire
2815 1555 2881 1611 ad
2913 1556 3150 1628 palmam
3190 1552 3466 1622 martyrii,
3494 1558 3554 1606 ut

1958 1650 2071 1722 jam
2106 1650 2312 1706 mundo
2343 1656 2590 1704 mortuus
2617 1661 2834 1702 crucem
2866 1651 3106 1716 portaret
3134 1639 3379 1714 quotidie
3434 1646 3554 1712 post

1965 1741 2246 1800 Christum
2298 1739 2594 1796 Dominum
2647 1755 2657 1793 :
2711 1734 2840 1808 quia
2886 1751 2982 1807 pro
3012 1740 3162 1790 certo
3193 1739 3416 1787 noverat
3445 1730 3554 1786 duo

240 1813 515 1911 Βθξνδουδ
549 1813 704 1911 “fis”
737 1830 748 1868 ⁵
784 1829 894 1886 (1Πο
924 1813 1173 1869 ουδῖοάίδ
1211 1815 1580 1870 Romanorum
1611 1823 1664 1870 εἴ
1689 1816 1848 1870 mili-
1877 1855 1920 1912 Β
1968 1848 2082 1886 esse
2137 1828 2392 1901 martyrii
2441 1843 2653 1899 genera,
2704 1841 2874 1880 unum
2923 1823 3192 1895 siquidem
3225 1821 3281 1876 in
3312 1821 3549 1887 occulto,

240 1902 381 1958 taris
409 1902 703 1971 exercitus,
738 1911 800 1958 ut
833 1903 1082 1974 legimus,
1113 1903 1402 1972 residebat,
1436 1905 1694 1976 quoniam
1717 1921 1847 1971 gens

240 1991 660 2048 Belvacensium
691 2007 903 2063 semper
926 1993 1184 2047 bellicosa
1208 1993 1375 2046 fuisse
1397 2000 1667 2048 narratur.
1696 1993 1846 2047 Unde

239 2079 611 2149 solummodo,
645 2081 787 2136 sicut
809 2081 864 2136 in
889 2080 1134 2136 historiis
1155 2080 1472 2138 continetur
1495 2081 1749 2154 publicis,
1779 2097 1846 2137 ex

236 2171 433 2228 eodem
466 2187 601 2242 pago
643 2202 665 2228 ε
711 2171 992 2241 sexaginta
1037 2178 1091 2225 et
1135 2186 1198 2226 eo
1246 2171 1482 2242 amplius
1510 2179 1844 2227 armatorum

237 2260 422 2315 millia
448 2259 623 2315 exisse
646 2260 902 2330 leguntur
922 2259 1142 2314 obviam
1172 2258 1237 2313 ad
1272 2259 1732 2330 praelium-contra
1756 2261 1844 2316 Ju-

237 2351 382 2407 lium
415 2350 702 2419 Cmsarem,
727 2361 780 2406 et
803 2361 992 2408 contra
1010 2352 1376 2408 Romanorum
1405 2352 1710 2406 exercitum
1738 2357 1848 2408 una

236 2457 370 2497 cum
428 2441 659 2514 reliquis
702 2440 1004 2497 Galliarum
1051 2441 1396 2498 concivibus.
1432 2442 1500 2496 Et
1541 2442 1662 2497 ideo
1710 2459 1846 2515 pro—
1891 2463 1896 2466 -

235 2539 366 2604 pter
392 2534 415 2564 "
435 2529 737 2586 custodiam
761 2541 1076 2586 caeterarum
1105 2530 1392 2587 civitatum
1416 2533 1693 2588 Romanus
1712 2540 1847 2588 tunc

234 2619 507 2692 temporis
538 2619 855 2675 versabatur
883 2621 1180 2676 exercitus.

319 2709 403 2766 10.
438 2708 639 2765 Contra
675 2726 838 2782 quam
889 2711 1159 2766 feritatem
1201 2718 1558 2784 utrarumque
1598 2711 1841 2782 gentium

235 2798 579 2855 fortissimus
612 2798 816 2855 athleta
852 2799 1080 2868 Christi,
1114 2800 1310 2856 solatio
1339 2800 1510 2856 fretus
1535 2800 1848 2872 discipulo-

231 2905 389 2958 rum,
422 2905 532 2944 non
564 2897 645 2946 est
674 2890 994 2962 perterritus
1038 2891 1226 2946 venire
1275 2891 1478 2948 Christi
1521 2891 1847 2962 praecinctus

231 2979 430 3048 armis,
475 2996 536 3036 ac
585 2979 776 3035 divina
823 2980 996 3051 gratia
1041 2981 1443 3037 corroboratus.
1482 2990 1504 3015 ⁸
1534 2981 1666 3036 Erat
1697 2981 1844 3035 enim

231 3070 351 3125 fide
372 3072 866 3141 constantissimus,
892 3087 1142 3128 sermone
1162 3070 1614 3136 facundissimus,
1648 3081 1701 3128 et
1723 3071 1846 3126 vir-

232 3159 455 3216 tutibus
485 3163 700 3218 cunctis
729 3160 1092 3218 admirabilis.
1126 3159 1304 3232 Crepit
1351 3161 1520 3232 igitur
1552 3160 1844 3234 praedicare

1959 1919 2112 1975 aliud
2139 1934 2267 1973 vero
2298 1917 2353 1971 in
2389 1914 2700 1981 manifesto,
2734 1920 2787 1967 et
2815 1911 2957 1967 idem
3006 1911 3246 1982 primum
3290 1909 3433 1964 istud
3465 1908 3553 1962 fe-

1959 2008 2110 2062 rebat
2141 2006 2194 2060 in
2226 2003 2550 2060 abscondito
2607 2010 2939 2072 (quanquam
2973 2000 3257 2054 manifesta
3278 2007 3419 2054 esset
3441 2015 3553 2054 om-

1959 2089 2120 2144 nibus
2153 2108 2174 2142 ι
2191 2090 2329 2146 irtus
2348 2087 2746 2156 abstinentiae),
2771 2095 2834 2141 ut
2853 2087 2916 2140 ad
2942 2085 3081 2140 illud
3105 2083 3414 2156 perveniret
3434 2087 3554 2155 post

1958 2179 2181 2234 modum
2212 2197 2243 2234 a
2273 2180 2511 2236 Domino
2540 2176 2905 2233 coronandus.
2931 2176 3036 2230 Era
3090 2174 3237 2229 enim
3264 2171 3554 2228 mortiﬁca-

1958 2268 2108 2322 tione
2135 2267 2316 2323 carnis
2345 2267 2648 2333 confectus,
2675 2265 2940 2336 patientia
2970 2264 3219 2329 decorus,
3255 2264 3392 2316 inira
3441 2260 3554 2314 hu—

1959 2355 2193 2411 militate
2242 2354 2522 2421 fundatus,
2591 2352 3015 2408 mansuetudine
3073 2352 3330 2422 repletus.
3398 2348 3552 2405 Unde

1961 2452 2110 2500 tanta
2139 2445 2284 2500 circa
2308 2461 2432 2500 eum
2464 2449 2780 2498 excreverat
2806 2441 2984 2496 virtus
3005 2440 3276 2494 bonorum
3301 2455 3548 2512 operum,

1958 2543 2017 2590 ut
2041 2537 2096 2590 in
2130 2534 2288 2590 terris
2318 2533 2497 2589 adhuc
2528 2532 2584 2587 in
2632 2547 2858 2603 corpore
2905 2529 3135 2602 positus,
3186 2545 3310 2584 cum
3347 2527 3552 2599 angelis

1952 2624 2064 2696 jam
2095 2624 2295 2696 spiritu
2324 2622 2606 2678 videretur
2634 2621 2946 2676 conversari
2982 2619 3038 2673 in
3068 2618 3240 2674 caelis.
3267 2616 3408 2673 Hinc
3437 2623 3551 2672 erat

1959 2714 2104 2786 quod
2153 2728 2367 2784 semper
2423 2712 2586 2767 vultu
2633 2711 2878 2782 placidus
2927 2708 3238 2775 videbatur,
3273 2715 3325 2763 et
3374 2714 3552 2762 mente

1959 2802 2310 2876 tranquilus,
2340 2801 2476 2857 mira
2497 2801 2698 2857 canitie
2721 2799 3030 2866 decoratus,
3048 2807 3110 2854 ut
3141 2806 3288 2854 totus
3309 2795 3556 2852 moribus

1957 2905 2010 2952 et
2037 2911 2265 2967 corpore
2296 2894 2618 2966 probaretur
2663 2891 2995 2964 conspicuus
3032 2897 3194 2962 atque
3239 2890 3549 2962 praeclarus.
3593 2915 3601 2918 -

2031 2987 2117 3042 11.
2148 2984 2252 3040 Sed
2277 3001 2402 3041 cum
2433 2981 2550 3055 ejus
2581 2981 2726 3038 fama
2757 2982 2916 3054 longe
2976 2977 3188 3053 lateque
3220 2979 3552 3051 percrebuis-

1956 3084 2058 3145 set,
2085 3075 2381 3132 veniebant
2401 3073 2468 3130 ad
2499 3090 2621 3128 eum
2654 3071 2874 3145 plurimi
2897 3078 2956 3125 ut
2976 3071 3043 3126 ab
3065 3086 3128 3125 eo
3148 3069 3557 3141 baptizarentur

1956 3165 2013 3220 in
2051 3165 2274 3221 nomine
2304 3163 2478 3219 Patris
2509 3169 2562 3216 et
2593 3159 2719 3214 Filii
2750 3168 2800 3214 et
2828 3158 3066 3230 Spiritus
3090 3157 3282 3212 sancti.
3307 3158 3555 3212 Destrue-

233 3265 447 3305 nomen
474 3250 719 3319 Domini,
754 3260 1046 3324 potestates
1071 3251 1245 3306 aerias
1272 3232 1566 3319 debellare,
1600 3248 1848 3307 Christi-
1885 3232 1927 3292 Ο
1957 3255 2159 3311 bantur
2188 3253 2354 3319 idola,
2378 3269 2408 3306 a
2437 3250 2638 3323 quibus
2669 3249 2885 3304 fuerant
2906 3246 3188 3302 fabricata.
3207 3245 3363 3302 Unde
3380 3244 3554 3300 hostis

230 3355 348 3412 que
379 3341 681 3396 Ecclesiam
710 3343 975 3414 plantare.
1004 3341 1242 3414 Spiritus
1266 3357 1483 3413 quoque
1513 3340 1685 3395 sancti
1715 3357 1847 3412 gra—

230 3431 322 3486 tia
352 3430 653 3499 debriatus,
687 3447 797 3486 non
832 3431 1013 3486 minus
1039 3430 1307 3501 exemplis
1339 3429 1646 3484 instruebat
1680 3446 1845 3502 popu.

229 3521 381 3589 lum,
415 3536 577 3593 quam
609 3519 814 3574 verbis.
866 3516 1173 3572 Accedebat
1209 3533 1443 3590 namque
1473 3515 1650 3572 virtus
1681 3519 1844 3572 mira-

226 3610 517 3678 culorum,
549 3617 604 3663 et
629 3622 820 3662 omnes
851 3605 1072 3661 morbos
1100 3622 1193 3678 per
1213 3607 1474 3663 virtutem
1505 3607 1727 3662 Domini
1759 3607 1846 3663 de-

228 3701 500 3775 pellebat.
536 3698 767 3752 Tantam
798 3695 943 3751 enim
987 3697 1214 3767 gratiam
1247 3695 1305 3752 in
1336 3696 1642 3768 eﬁ'ugandis
1685 3713 1849 3754 acce-

225 3797 394 3863 perat
451 3785 817 3852 dasmonibus,
868 3793 930 3840 ut
972 3785 1205 3857 imperio
1247 3786 1363 3858 ejus
1400 3787 1610 3856 audito,
1657 3804 1786 3842 mox
1817 3803 1849 3841 a

222 3896 363 3937 cum
399 3877 526 3932 aliis
556 3873 873 3930 auctoribus
905 3876 1176 3932 Nicasium
1200 3876 1460 3931 scriberet
1492 3877 1747 3945 Lovetus,
1780 3876 1846 3931 de

224 3966 348 4023 quo
372 3951 438 4023 il_
459 3946 738 4023 Octobris)
767 3964 778 4001 :
811 3948 1108 4023 Thurinum
1129 3947 1556 4023 Ebroicensibus
1580 3949 1638 4002 11
1663 3949 1846 4023 .51th1-

225 4018 309 4078 s'ti
338 4039 352 4088 ;
395 4019 664 4077 Valerium
691 4018 934 4074 Treviris
966 4018 1257 4073 29Januar.
1285 4036 1296 4073 :
1327 4019 1417 4073 δρᾶ
1450 4018 1600 4074 hunc
1619 4019 1720 4074 aS.
1758 4018 1846 4073 Pe-

225 4102 324 4149 tro
353 4092 418 4147 ad
451 4109 508 4147 se
538 4090 767 4146 missum
801 4090 1014 4145 Treviri
1050 4089 1210 4144 aiunt
1243 4107 1256 4158 ;
1289 4090 1621 4146 Mansuetum
1654 4089 1848 4146 Leucis

229 4165 272 4220 3
303 4161 610 4235 Septembr.
633 4178 661 4235 _:
698 4159 792 4235 sed
832 4160 980 4235 hunc
1010 4177 1227 4235 quoque
1256 4161 1372 4235 a__S.
1421 4161 1582 4235 Petro
1617 4161 1844 4235 missum

234 4229 392 4291 Λᾶδό
416 4233 599 4289 Abbas
629 4233 686 4288 in
707 4229 828 4304 ejus
848 4232 976 4289 Vita
1005 4229 1198 4288 scribit
1222 4251 1235 4300 ;
1271 4231 1606 4290 Carnutibus
1640 4233 1845 4288 Carau-

234 4322 368 4360 mim
397 4305 466 4361 28
495 4305 646 4361 Maii.

232 4322 368 4360 mem
397 4322 466 4361 Ζδ
496 4322 646 4361 man.

311 4392 330 4414 ι
363 4377 462 4448 Ms.
495 4377 551 4432 S.
584 4377 731 4432 Max.
778 4375 933 4432 addit
971 4375 1139 4432 isthic
1186 4377 1450 4448 mansisse
1490 4375 1842 4448 Dionysium,

235 4447 387 4521 quod
418 4447 496 4504 ibi
525 4449 758 4520 amplius
792 4448 996 4517 fervere
1027 4446 1405 4504 immanitatem
1433 4446 1844 4518 erroris‘cogno-

241 4521 334 4576 vit.

1957 3348 2218 3413 antiquus
2247 3339 2442 3394 videns
2460 3337 2568 3392 sibi
2591 3337 2837 3408 deperire
2866 3352 3001 3408 quos
3021 3334 3277 3391 Christus
3307 3350 3402 3406 per
3422 3348 3549 3389 suos

1958 3428 2273 3501 acquirebat
2305 3427 2560 3493 famulos,
2594 3434 2708 3481 tota
2742 3423 2960 3479 artiﬁcii
2997 3423 3080 3478 sui
3112 3421 3554 3478 machinamenta

1957 3518 2023 3574 ad
2054 3515 2479 3590 impugnandam
2501 3523 2742 3570 sanctam
2776 3513 2872 3568 Dei
2903 3510 3201 3569 Ecclesiam
3226 3508 3504 3566 convertit
3537 3527 3547 3564 :

1957 3616 1972 3644 ε
1995 3605 2458 3672 etDomitianum,
2474 3603 2568 3677 qui
2591 3610 2710 3675 post
2731 3603 2996 3658 Neronem
3022 3599 3350 3672 perditionis
3373 3597 3549 3653 ﬁlium

1957 3696 2246 3752 secundam
2279 3693 2710 3768 persecutionem
2742 3693 2799 3748 in
2820 3689 3161 3749 Christianos
3180 3687 3444 3755 exercuit,
3478 3685 3554 3741 ita

1959 3785 2403 3854 inﬂammavit,et
2423 3784 2489 3839 ad
2518 3791 2724 3839 tantam
2757 3781 2963 3837 rabiem
2987 3778 3384 3852 indignationis
3405 3793 3550 3834 com-

1957 3875 2013 3931 hi
2045 3875 2219 3932 sancti
2252 3875 2356 3930 viri
2390 3885 2495 3930 tam
2528 3873 2811 3943 contiguas
2837 3879 2999 3944 atque
3036 3870 3225 3926 afﬁnes
3257 3871 3310 3925 in
3343 3868 3553 3942 praedi—

1957 3947 2172 4003 catione
2199 3945 2617 4019 Evangeliisibi
2641 3946 2913 4016 elegerant
2945 3953 3285 4019 partes,_quo
3331 3946 3554 4019 posse-nt

1956 4019 2024 4076 de
2055 4019 2306 4090 proximo
2333 4011 2542 4073 divinis
2575 4011 2751 4089 quam'
2789 4011 3244 4090 sape'consola'ri
3294 4011 3549 4090 eloquiis,

1959 4082 2274 4161 mutuisque
2303 4106 2358 4144 se
2379 4082 2767 4158 repraesentare
2796 4082 3127 4160 aspectibus.
3148 4156 3160 4161 _
3180 4085 3308 4161 Ideo
3355 4082 3555 4161 quibus

1957 4170 2072 4216 erat
2092 4153 2200 4216 cor'
2215 4176 2410 4224 unum,
2428 4153 2482 4213 et
2510 4160 2694 4212 anima
2717 4153 3094 4229 unafunaque
3113 4156 3352 4214 charitas
3371 4153 3554 4209 divini

1956 4230 2340 4304 amoris._quia
2367 4229 2532 4304 simul
2552 4243 2676 4304 esse
2700 4243 2809 4304 non
2842 4235 3094 4304 poterant
3145 4235 3366 4304 propter
3393 4241 3554 4281 com-

1959 4301 2122 4357 missa
2150 4297 2254 4356 sibi
2287 4297 2694 4371 praedicationis
2714 4297 2913 4358 ofﬁcia.
2935 4297 3192 4371 lucraque
3218 4297 3549 4371 animarum;

1956 4388 2132 4444 neque
2163 4363 2321 4443 longe
2357 4368 2755 4444 diuferebant,
2789 4374 2935 4444 ut_se
2963 4363 3212 4444 vicissim
3254 4363 3427 4419 sacris
3473 4380 3550 4444 re-

1955 4435 2202 4500 crearent
2254 4435 2528 4514 alloquiis.
2581 4439 2735 4514 Unde
2779 4437 2962 4514 adhuc
3003 4435 3168 4492 hodie
3197 4439 3554 4514 monumenta

1957 4523 2292 4571 monstratur
2320 4505 2697 4583 BCDionysii,
2730 4509 2970 4581 publica,
2992 4524 3121 4583 _quaa
3169 4505 3287 4578 ejus
3322 4520 3404 4583 _ex
3458 4519 3552 4559 no-

312 4575 334 4624 ί
363 4591 460 4646 Ms.
496 4590 550 4647 S.
603 4591 750 4649 Max.
782 4598 836 4646 et
874 4591 1113 4646 Lovetus
1146 4587 1370 4657 habent,
1420 4605 1511 4645 eos
1553 4605 1584 4644 a
1630 4589 1686 4645 S.
1729 4590 1847 4645 Lu—
1879 4590 1927 4648 D
1959 4589 2108 4642 mine
2134 4595 2381 4649 vocatur,
2412 4584 2522 4650 via,
2556 4575 2860 4657 perquam,
2894 4587 2956 4657 u_t
2983 4575 3551 4657 fertur,'venire.co.n-

238 4663 403 4735 ciano
429 4662 608 4735 fuisse
624 4679 943 4735 conversos,
991 4663 1149 4735 eique
1198 4659 1491 4718 adhaesisse
1521 4678 1532 4716 :
1570 4660 1662 4718 hic
1690 4668 1848 4733 gente

239 4734 562 4790 Bellovacos
589 4734 741 4791 facit.

319 4817 340 4842 τ
369 4803 547 4862 Caesar
580 4806 616 4861 Ι.
651 4823 710 4874 η,
749 4806 811 4862 de
839 4807 972 4863 bello
1005 4805 1209 4862 Gallico
1241 4804 1432 4862 scribit
1461 4811 1682 4860 centum
1712 4803 1848 4859 mil—

241 4876 317 4932 lia
345 4893 435 4932 eos
471 4876 740 4934 conﬁcere
773 4894 948 4949 posse,
992 4886 1158 4950 atque
1184 4877 1244 4932 iu
1290 4877 1580 4950 Belgarum
1610 4876 1847 4933 concilio

241 4895 317 4932 na
345 4895 435 4932 eos
471 4895 740 4934 cnnncere
773 4895 948 4949 posse,
992 4895 1047 4934 at
1087 4895 1154 4933 ue
1184 4895 1244 4932 1n

238 4957 450 5021 contra
468 4950 743 5021 Romanos
771 4950 946 5007 60000
977 4895 1272 5021 poﬂicitos.

313 5020 339 5054 ἀ
368 5019 544 5076 Addit
581 5019 662 5076 Ms
715 5020 771 5077 S.
806 5022 951 5077 Max.
981 5019 1036 5076 et
1067 5022 1324 5086 Lovetus,
1352 5026 1577 5092 propter
1605 5020 1845 5075 insolen—

242 5091 734 5174 tiam"eoru_rn,_seu
759 5092 1268 5174 proptercustodias
1304 5091 1640 5174 creterrarum,
1664 5099 1772 5172 etc.

310 5171 332 5197 °
364 5162 468 5242 ilic
497 5163 735 5246 plurima
760 5161 1184 5246 interﬁciuntur
1213 5163 1272 5246 in
1303 5162 1487 5243 Mans.
1531 5161 1842 5246 Maximini,

238 5233 307 5305 de
335 5233 454 5305 ejus
484 5232 808 5304 virtutibus,
860 5232 1160 5303 miraculis,
1193 5233 1556 5305 plurimisque
1587 5232 1653 5305 ab
1692 5249 1762 5305 eo
1793 5241 1846 5288 et

241 5303 575 5361 Maaiimiano
616 5322 680 5362 ac
722 5303 941 5364 Iuliano
972 5303 1272 5374 conversis,
1316 5307 1371 5360 in
1403 5303 1558 5371 urbe,
1595 5303 1752 5370 vicis,
1784 5321 1846 5361 ac

241 5377 430 5450 villis;
464 5385 626 5450 atque
659 5378 773 5433 hazc
819 5379 963 5434 inter
1005 5379 1133 5446 alia,
1165 5393 1287 5450 quas
1329 5393 1399 5431 ex
1445 5374 1845 5450 _quopiam‘alio

241 5447 341 5521 Ms.
374 5445 569 5521 recitat
616 5465 833 5521 quoque
881 5445 1125 5506 Lovetus
1157 5445 1196 5504 ε’
1217 5473 1233 5495 ι
1265 5449 1334 5521 _I_n
1353 5445 1577 5521 quibus
1598 5445 1845 5521 profecto

242 5518 522 5575 laboribus
550 5518 853 5588 interdum,
885 5523 987 5578 etsi
1017 5521 1190 5576 fessus
1221 5519 1513 5575 videbatur
1539 5518 1712 5583 senio,
1748 5518 1845 5572 vi-

241 5606 367 5660 gore
397 5592 618 5658 mentis,
668 5599 734 5666 et
764 5591 969 5649 virtute
999 5592 1237 5666 Spiritus
1266 5591 1466 5666 _sancti_
1497 5588 1842 5666 confortaba-

239 5667 351 5728 tur,
377 5670 444 5736 _ut
470 5670 651 5733 posset
682 5662 865 5736 dicere
903 5661 1318 5736 cum'apostolo
1367 5679 1378 5717 :
1422 5661 1606 5736 _Fprtis
1635 5676 1757 5736 sum
1787 5667 1844 5716 et

240 5732 424 5787 omnia
444 5729 666 5805 possum
694 5734 751 5789 in
775 5752 838 5791 eo
855 5735 946 5808 qui
965 5753 1052 5791 me
1074 5729 1368 5792 cbnfortat.
1401 5731 1487 5788 Ad
1508 5731 1614 5789 hoc
1637 5729 1842 5804 quippe

1958 4666 2208 4714 sueverat
2239 4645 2487 4713 summus
2509 4645 2796 4726 pontifex,
2828 4658 2889 4707 ut
2921 4651 3018 4706 has
3046 4666 3144 4706 sua
3164 4645 3459 4729 praesentia
3489 4647 3551 4701 il-

1964 4730 2219 4786 lustraret
2240 4736 2440 4800 partes,
2462 4732 2820 4800 sanctumque
2847 4739 3030 4780 senem
3079 4731 3134 4778 et
3173 4728 3550 4800 beatiss1mum

1964 4792 2266 4876 Lucianum
2296 4817 2394 4856 suo
2427 4792 2704 4876 refoveret
2731 4792 2993 4876 'aspectu,
3041 4802 3095 4876 e_t
3139 4792 3342 4876 pariter
3387 4805 3551 4876 quan-

1962 4873 2132 4946 tisper
2168 4867 3006 4946 decertantesAcurabant‘verbo
3057 4867 3328 4922 feritatem
3383 4867 3551 4934 genti-

1961 4939 2110 5022 lium
2129 4945 2198 5001 ad
2222 4945 2336 5001 veri
2371 4943 2484 5022 Dei
2502 4942 2736 5022 dirigere
2757 4939 3099 5022 servitutem.
3134 4964 3152 5022 ς
3262 5007 3272 5017 _
3365 5002 3445 5022 ψ,

2029 5015 2042 5044 ⁸
2073 5015 2342 5073 Constans
2370 5002 2647 5071 Bellovaci
2677 5011 2905 5067 traditio
2941 5019 3039 5078 est,
3072 5009 3214 5066 aedes
3258 5007 3315 5062 in
3355 5002 3554 5076 quibus

1959 5087 2093 5143 olim
2124 5089 2315 5144 divina
2344 5087 2524 5144 olIicia
2551 5084 2828 5157 celebrare
2864 5086 3241 5157 consueverat,
3272 5088 3552 5157 consecra-

1961 5167 2042 5234 tas
2070 5159 2270 5234 deinde
2301 5159 2363 5234 in
2387 5157 2674 5234 ecclesiam
2723 5154 2842 5234 ejus
2891 5152 3153 5231 primum,
3192 5146 3545 5234 deinceps}.

1958 5231 2172 5287 Nicolai
2217 5230 2429 5285 nomini
2481 5243 2686 5284 sacram
2721 5243 2734 5280 :
2770 5230 2934 5297 inque
2957 5230 3089 5297 _ejus
3129 5237 3202 5276 rei
3235 5231 3552 5297 memoriam

1958 5302 2112 5428 illius
2126 5301 2266 5357 festo
2281 5301 2371 5357 die
2391 5300 2555 5357 Missa
2582 5297 2646 5353 ﬁt
2685 5288 2864 5368 supra.
2887 5288 3126 5366 primum
3162 5289 3346 5362 magni
3365 5288 3554 5344 altaris

1982 5388 2247 5428 ornicem.

1982 5388 2247 5428 orntcem.

2029 5443 2263 5518 {Coepta
2293 5449 2408 5518 erat
2440 5439 2750 5518 _Domitiani
2797 5436 3104 5518 persecutio
3146 5434 3461 5518 priusquam
3495 5433 3553 5487 in

1958 5504 2408 5572 Gallias’veniret
2439 5512 2735 5578 Lucianus,
2771 5504 2816 5565 si
2857 5504 3543 5579 Clemente'ponti'ﬁceve-

1958 5587 2042 5644 nit
2075 5587 2204 5643 :sed
2236 5584 2483 5642 fortassis
2508 5582 2688 5640 edicta
2722 5576 2978 5636 nondum
3020 5578 3077 5634 in
3116 5576 3305 5634 omnes
3348 5576 3555 5649 perlata

1956 5667 2110 5716 erant
2135 5655 2469 5732 provincias.
