4078 6182
524 307 658 363 1119

1550 297 1805 357 ODONIS
1844 294 2427 355 BELLOVACENSIS
2465 294 2785 354 EPISCOPI

3686 301 3829 359 1120

521 463 716 533 movit,
748 470 809 520 ut
835 460 1150 534 ubicunque
1179 461 1238 515 in
1267 458 1525 515 universo
1545 457 1689 515 Orbe
1709 474 1934 513 romano
1955 455 2112 515 Chri-
2140 456 2191 516 A
2221 454 2522 512 ineffabilia
2549 453 2708 510 vobis
2737 450 2963 527 praemia
2989 457 3287 525 praeparata
3311 469 3325 519 ;
3382 452 3452 509 ad
3481 470 3605 527 quae
3650 455 3734 513 ire
3765 457 3846 514 in-

521 554 687 613 stiani
720 554 1123 621 invenirentur,
1154 558 1370 623 cogeret
1394 558 1488 606 aut
1521 550 1630 606 diis
1663 550 1986 617 sacriﬁcare,
2024 556 2119 605 aut

521 642 756 700 diversis
783 642 1120 699 cruciatibus
1145 640 1369 697 affectos
1408 638 1705 695 crudeliter
1736 639 1991 695 interﬁci.
2034 640 2120 696 Ex

523 749 631 807 quo
659 749 757 805 per
786 739 963 788 totum
992 730 1096 787 sibi
1130 728 1437 802 subjectum
1460 728 1647 784 orbem
1670 727 1728 782 in
1748 727 1964 784 cunctis
1987 728 2122 783 civi-

522 822 748 890 tatibus,
782 821 1020 895 oppidis,
1056 819 1377 892 municipiis
1406 834 1622 891 quoque
1668 825 1722 873 et
1765 817 1907 873 vicis
1946 818 2123 889 publi-

523 931 649 972 cum
680 914 939 987 pependit
968 913 1230 981 edictum,
1263 919 1323 967 ut
1353 927 1543 967 omnes
1574 908 1814 965 ministri
1846 908 2124 982 Reipubli-

523 1020 600 1061 cae
612 1004 955 1061 Christianos
967 1004 1114 1060 idola
1127 1006 1304 1060 colere
1315 1003 1727 1074 compellerent,
1750 1008 1803 1056 et
1816 1000 2125 1057 sacriﬁcare

525 1104 653 1174 diis,
684 1114 779 1161 aut
806 1106 1041 1162 diversis
1070 1104 1246 1177 pmnis
1276 1105 1627 1176 perimerent.

600 1194 684 1249 l2.
715 1194 1044 1268 Diriguntur
1073 1192 1302 1265 proinde
1332 1192 1441 1249 huc
1471 1193 1714 1265 illucque
1751 1199 2127 1264 persecutores

526 1283 831 1342 Christiani
862 1283 1137 1352 nominis;
1164 1284 1308 1339 inter
1337 1301 1473 1356 quos
1503 1295 1525 1321 ι
1558 1283 1929 1340 Fescenninus
1958 1282 2127 1337 Sisin-

527 1372 654 1429 nius
681 1372 748 1428 ad
774 1373 978 1430 Gallias
1008 1389 1117 1429 una
1145 1389 1270 1429 cum
1293 1373 1521 1446 reliquis
1541 1372 1944 1445 apparitoribus
1974 1371 2129 1427 ocius

527 1462 716 1518 venire
758 1461 1007 1534 jubetur,
1056 1462 1123 1518 ad
1170 1463 1565 1536 perquirendos
1622 1462 1830 1519 Christi
1899 1461 2126 1530 milites,

529 1553 769 1609 maxime
816 1568 908 1608 eos
957 1553 1052 1625 qui
1101 1554 1273 1610 Roma
1317 1552 1527 1609 dudum
1574 1552 1842 1619 exierant,
1894 1566 2128 1624 quorum

527 1640 673 1698 fama
705 1641 820 1714 jam
855 1650 1192 1711 excreverat,
1226 1651 1497 1715 quatenus
1535 1659 1736 1698 nomen
1776 1640 2131 1699 Christiano-

528 1748 651 1787 rum
676 1748 708 1787 a
735 1730 929 1787 Galliis
955 1732 1241 1803 pellerent.
1273 1730 1428 1788 Tunc
1478 1730 1751 1805 siquidem
1800 1729 1955 1785 missi
2003 1735 2131 1785 sunt

2227 546 2473 618 trepidus
2492 545 2714 613 festino,
2745 550 2798 600 et
2818 543 2941 599 ideo
2965 542 3239 599 savitiam
3269 550 3690 614 persecutorum
3734 563 3845 606 non

2229 636 2574 708 pertimesco.
2606 635 2701 691 His
2726 634 2803 689 ita
2839 632 3030 700 dictis,
3060 630 3288 688 elevatis
3306 632 3483 688 oculis
3515 634 3576 689 in
3617 636 3847 706 coelum,

2231 727 2431 799 gratias
2461 725 2571 800 egit
2597 726 2710 781 Deo
2734 739 2917 781 coram
2946 720 3227 791 omnibus,
3259 721 3355 794 qui
3404 738 3533 778 eum
3581 723 3846 797 dignatus

2230 822 2311 871 est
2339 820 2656 887 computare
2698 828 2826 870 cum
2872 811 3079 867 sanctis
3126 811 3485 883 martyribus,
3549 820 3604 868 et
3648 829 3681 868 a
3729 814 3845 871 suis

2231 907 2432 965 sanctis
2456 906 2620 963 sociis
2649 920 2759 960 non
2781 902 3051 958 dividere.
3077 901 3315 967 Gratias,
3343 901 3546 975 inquit,
3574 903 3683 959 tibi
3720 921 3845 977 ago,

2230 997 2463 1053 Domine
2502 996 2629 1050 Jesu
2658 991 2897 1058 Christe,
2931 992 3041 1048 Fili
3070 990 3168 1048 Dei
3209 991 3348 1060 vivi,
3369 993 3464 1065 qui
3495 1009 3581 1049 me
3610 1011 3743 1051 cum
3780 994 3842 1050 B.

2231 1084 2499 1156 Dionysio
2524 1083 2751 1155 ejusque
2779 1080 2945 1137 sociis
2984 1080 3043 1135 in
3074 1080 3185 1136 ﬁne
3214 1081 3565 1151 consociasti,
3597 1090 3655 1138 et
3686 1082 3844 1138 labo-

2233 1175 2386 1233 ribus
2406 1170 2881 1247 coaequasti.Unde
2920 1177 3045 1243 peto
3071 1177 3136 1225 ut
3175 1185 3263 1226 me
3293 1169 3534 1243 digneris
3563 1172 3621 1228 in
3650 1188 3847 1229 eorum

2234 1283 2465 1323 numero
2493 1272 2829 1336 computare,
2861 1269 2916 1318 et
2947 1261 3099 1333 regni
3131 1261 3215 1316 tui
3250 1269 3560 1317 consortem
3588 1262 3733 1320 ﬁeri.

2309 1354 2395 1409 14.
2432 1352 2644 1420 Quibus
2664 1351 2741 1406 ita
2770 1350 3056 1423 peroratis,
3086 1366 3334 1421 egressus
3354 1350 3422 1406 ab
3442 1352 3576 1408 urbe
3604 1352 3849 1409 Belvaco

2230 1445 2392 1519 juxta
2418 1440 2644 1499 Domini
2685 1445 3018 1512 praeceptum
3063 1439 3354 1511 paululum
3386 1440 3609 1496 secessit
3646 1457 3676 1495 a
3706 1441 3849 1496 civi-

2236 1541 2369 1602 tate,
2402 1547 2511 1587 non
2536 1530 2735 1586 timore
2754 1527 3040 1601 supplicii,
3070 1526 3164 1582 sed
3194 1535 3254 1583 ut
3277 1528 3445 1599 juxta
3462 1529 3684 1584 Domini
3709 1546 3847 1601 prae-

2237 1632 2455 1698 ceptum
2489 1621 2699 1691 (Matth.
2750 1635 2805 1687 x,
2856 1618 2947 1689 23)
3017 1619 3335 1690 exemplum
3375 1619 3643 1691 praeberet
3673 1620 3842 1692 gregi.

2237 1714 2433 1787 Sicque
2462 1711 2566 1768 iter
2604 1710 2810 1768 faciens
2854 1724 2980 1764 cum
3035 1707 3211 1763 beatis
3255 1708 3613 1781 martyribus,
3665 1710 3843 1766 Maxi-

528 1826 639 1876 tres
680 1820 1011 1877 atrocissimi
1045 1820 1175 1889 viri,
1203 1827 1228 1861 δ
1257 1821 1486 1876 Latinus
1523 1820 1753 1888 scilicet,
1788 1829 1808 1855 ο
1836 1818 2037 1886 Jarius,
2078 1825 2125 1873 et

2240 1806 2422 1860 iniano
2451 1802 2663 1859 scilicet
2691 1809 2745 1856 et
2768 1800 3010 1866 Juliano,
3045 1813 3157 1853 non
3186 1798 3435 1854 cessabat
3480 1816 3511 1854 a
3544 1800 3846 1873 colloquiis

530 1910 555 1946 ⁸
584 1910 781 1978 Antor,
812 1911 1122 1983 specialiter
1150 1910 1219 1965 ad
1269 1908 1697 1981 perquirendum
1744 1916 1992 1965 sanctum
2032 1910 2130 1965 Dei

527 1997 799 2053 famulum
837 1999 1141 2054 Lucianum
1163 2015 1290 2054 cum
1306 1999 1421 2053 suis
1446 1997 1891 2063 exsecutoribus;
1926 2004 1987 2051 ut
2012 1996 2130 2052 ubi-

527 2101 744 2159 cunque
772 2101 898 2141 eum
930 2086 1280 2159 reperissent,
1313 2094 1409 2141 aut
1441 2085 1691 2158 praesidis
1730 2102 1856 2141 eum
1892 2085 2135 2142 audien—

527 2174 619 2231 tiae
639 2182 1055 2248 prmsentarent,
1090 2183 1183 2231 aut
1214 2175 1396 2248 gladio
1426 2193 1558 2231 mox
1585 2175 1861 2242 feriretur,
1886 2174 1931 2230 si
1962 2176 2133 2230 nollet

527 2263 692 2321 idolis
721 2261 1026 2321 immolare.
1059 2264 1307 2338 Cumque
1357 2264 1613 2321 civitates
1660 2272 1713 2320 et
1758 2264 1875 2322 loca
1920 2264 2131 2337 praefati

527 2352 635 2409 viri
658 2354 1097 2426 perlustrassent,
1125 2369 1468 2427 nequaquam
1495 2353 1763 2409 continuo
1786 2361 2130 2426 repererunt.

526 2444 738 2501 Interea
766 2443 1017 2517 pervenit
1045 2443 1111 2501 ad
1143 2460 1236 2501 eos
1266 2445 1412 2500 fama
1448 2443 1556 2499 viri
1585 2444 1706 2511 Dei,
1740 2445 1886 2516 quod
1924 2444 2133 2516 praedi-

524 2535 701 2593 cando
731 2535 922 2591 aeterni
952 2533 1107 2609 regni
1141 2535 1507 2607 Evangelium
1545 2533 1961 2590 Belvacensium
2007 2535 2133 2605 ple-

524 2622 651 2679 bem
682 2630 1015 2695 occupasset.
1048 2623 1167 2691 Quo
1199 2624 1409 2693 audito,
1455 2624 1627 2695 magis
1658 2623 1939 2695 magisque
1970 2622 2050 2677 ira
2081 2631 2134 2678 et

528 2712 911 2784 indignatione
940 2714 1210 2783 succensi,
1243 2714 1380 2771 illuc
1406 2731 1573 2772 cursu
1600 2713 1890 2770 celerrimo
1927 2729 2134 2786 prope-

527 2809 736 2858 rarunt.

601 2890 687 2946 13.
718 2890 805 2946 Ad
832 2905 994 2963 quam
1043 2893 1204 2963 paulo
1231 2900 1524 2965 antequam
1551 2895 1950 2966 pervenissent,
1998 2912 2133 2951 sen-

528 2979 671 3035 tiens
700 2996 792 3036 eos
819 2979 1012 3036 beatus
1041 2989 1274 3054 martyr,
1311 2983 1588 3039 revelante
1618 2985 1725 3042 sibi
1756 2986 1966 3058 Spiritu
1996 3003 2133 3041 san—

525 3079 637 3137 cto,
671 3072 731 3128 in
759 3071 1015 3145 proximo
1042 3088 1178 3141 esse,
1210 3073 1451 3145 perstitit
1495 3072 1554 3128 in
1599 3073 1720 3131 loco
1757 3091 1865 3148 quo
1902 3075 2131 3132 docebat

2242 1894 2450 1950 divinis
2486 1900 2540 1947 et
2568 1889 2913 1947 orationibus
2934 1904 3028 1960 per
3054 1903 3275 1943 omnem
3306 1887 3479 1957 viam,
3526 1888 3706 1947 donec
3731 1907 3847 1963 per.
3890 1942 3903 1949 κ

2241 1982 2455 2039 veniret
2503 1981 2571 2037 ad
2628 1979 2834 2035 montis
2886 1993 3175 2045 cacumen,
3217 1993 3324 2049 quo
3360 1977 3637 2046 tendebat,
3683 1988 3706 2014 ο
3747 1980 3843 2053 qui

2243 2089 2400 2130 mons
2430 2073 2572 2129 sicut
2601 2078 2684 2128 est
2712 2087 2869 2127 secus
2914 2086 3134 2126 amnem
3163 2069 3355 2126 Tharae
3398 2070 3467 2125 ab
3498 2070 3632 2126 urbe
3672 2070 3843 2126 ferme

2243 2165 2421 2222 tribus
2450 2164 2663 2220 distans
2692 2162 2961 2219 millibus.
2991 2162 3096 2219 Ubi
3126 2179 3251 2219 cum
3286 2162 3550 2228 venisset,
3581 2163 3739 2235 quasi
3771 2162 3841 2227 ci:

2242 2256 2385 2314 vitas
2413 2270 2578 2327 supra
2607 2262 2849 2310 montem
2880 2252 3058 2326 posita
3081 2252 3250 2308 latere
3280 2268 3393 2308 non
3420 2259 3655 2325 poterat,
3698 2270 3843 2326 quo-

2243 2353 2391 2409 niam
2419 2359 2473 2407 et
2502 2352 2615 2424 ipse
2656 2366 2814 2406 mons
2843 2348 3141 2422 pulchrum
3172 2366 3335 2422 super
3384 2349 3617 2405 ﬂuvium
3655 2350 3841 2422 populi

2243 2441 2448 2517 praebet
2478 2448 2847 2514 prospectum.
2877 2439 2962 2495 Ibi
2993 2439 3179 2511 itaque
3210 2436 3367 2511 quasi
3388 2438 3447 2493 in
3478 2437 3706 2510 specula
3737 2454 3840 2510 po-

2242 2534 2380 2590 situs
2401 2532 2515 2605 ipse
2545 2531 2632 2586 vir
2660 2530 3013 2587 beatissimus
3042 2545 3198 2585 suam
3236 2536 3554 2601 exspectare
3598 2528 3844 2588 decrevit

2244 2621 2499 2695 martyrii
2529 2636 2811 2677 coronam.

2316 2721 2401 2776 15.
2434 2718 2661 2775 Interim
2694 2716 2896 2772 milites
2934 2715 3147 2786 praefati
3194 2715 3360 2772 celeri
3406 2715 3599 2771 volatu
3639 2732 3845 2788 perve-

2242 2811 2405 2866 niunt
2425 2808 2493 2865 ad
2512 2808 2794 2865 civitatem
2825 2807 3125 2863 Belvacum
3156 2824 3167 2861 :
3193 2804 3289 2861 ubi
3319 2821 3446 2861 cum
3461 2812 3720 2861 sanctum
3744 2806 3837 2861 Dei

2242 2900 2544 2958 Lucianum
2568 2897 2945 2971 requisissent,
2971 2913 3081 2952 non
3107 2896 3479 2961 invenientes,
3508 2896 3839 2967 diligentius

2242 2988 2572 3063 perscrutari
2610 2993 2894 3060 cmperunt
2935 3004 3044 3061 quo
3083 2986 3304 3043 abisset.
3358 2985 3573 3054 Quibus
3619 2986 3833 3043 dictum

2241 3088 2341 3147 est,
2373 3078 2521 3152 quod
2544 3093 2655 3133 non
2685 3077 2845 3147 longe
2873 3075 2941 3131 ab
2988 3075 3122 3132 urbe
3153 3074 3418 3148 populum
3458 3074 3704 3132 doceret.
3756 3078 3840 3135 Illi

525 3162 792 3233 populum
823 3160 990 3217 verba
1016 3161 1163 3223 vitae.
1198 3169 1252 3217 et
1283 3179 1409 3218 cum
1440 3179 1503 3218 eo
1534 3164 1833 3220 multitudo
1865 3165 2126 3235 maxima,
2165 3182 2209 3242 ί]
2242 3184 2373 3223 vero
2424 3166 2691 3222 continuo
2737 3163 3036 3221 reascensis
3099 3164 3254 3238 equis
3301 3163 3489 3220 subito
3533 3166 3838 3237 pennigero

525 3261 645 3318 quae
669 3244 784 3317 jam
814 3254 931 3302 erat
958 3263 1053 3319 per
1082 3247 1528 3319 praedicationem
1550 3248 1853 3305 beatissimi
1886 3249 1993 3304 viri
2022 3251 2123 3307 Dei

523 3334 591 3391 ad
617 3334 782 3390 ﬁdem
811 3333 1018 3391 Christi
1052 3352 1334 3392 conversa.
1368 3336 1781 3394 Exhortabatur
1819 3346 1999 3393 autem
2033 3355 2124 3395 eos

522 3429 676 3479 tanto
705 3425 987 3492 attentius,
1038 3434 1244 3499 quanto
1288 3427 1533 3484 securior
1576 3428 1644 3483 de
1693 3427 1866 3500 gloria
1908 3435 2123 3484 aeternas

522 3514 926 3584 retributionis,
948 3514 1167 3573 dicens:
1189 3518 1350 3586 Ecce,
1375 3518 1569 3573 fratres
1585 3526 1639 3573 et
1664 3517 1767 3572 ﬁlii
1788 3518 2119 3587 charissimi,

515 3604 631 3677 jam
666 3608 803 3663 mihi
854 3608 1126 3665 Dominus
1174 3626 1327 3665 meus
1369 3611 1523 3667 Jesus
1575 3610 1828 3668 Christus
1875 3611 2123 3668 laborum

521 3713 769 3753 meorum
800 3699 1014 3755 fructus
1045 3708 1099 3755 et
1130 3701 1354 3773 praemia
1392 3700 1527 3756 olim
1567 3702 1893 3771 repromissa
1922 3701 2125 3758 donare

519 3787 858 3860 dignabitur.
894 3790 1067 3859 Unde,
1091 3790 1462 3858 dilectissimi,
1495 3798 1838 3863 perseverate
1862 3790 2032 3847 fortes
2065 3792 2123 3848 in

518 3875 627 3933 fide
656 3876 864 3935 Christi
896 3896 908 3933 :
943 3880 1203 3952 quoniam
1234 3895 1332 3950 ego
1351 3878 1468 3949 jam
1500 3878 1675 3933 nimia
1703 3887 1981 3936 senectute
2007 3881 2125 3936 las—

518 3976 686 4030 satus.
719 3986 846 4026 cum
873 3970 1054 4040 palma
1086 3970 1336 4041 martyrii
1367 3968 1606 4040 gaudens
1635 3969 1704 4024 ad
1730 3969 2010 4026 Christum
2040 3972 2124 4028 ire

518 4058 740 4114 festino.
775 4057 889 4114 Vos
917 4064 1100 4112 autem
1131 4058 1189 4113 in
1212 4066 1431 4131 accepta
1466 4058 1639 4130 gratia
1672 4059 1894 4115 stabiles
1925 4061 2118 4133 perdu-

518 4154 653 4205 rate.
685 4147 807 4204 Non
844 4163 942 4203 vos
977 4156 1156 4221 terror
1182 4149 1503 4223 Principum
1542 4164 1573 4204 a
1610 4150 1717 4206 ﬁde
1748 4150 1958 4208 Christi
1990 4152 2121 4208 sub-

516 4244 715 4307 vertat,
746 4252 859 4293 non
880 4236 1044 4292 minae
1072 4237 1403 4307 deterreant,
1424 4256 1535 4295 non
1563 4240 1744 4296 suasio
1771 4240 2117 4297 blandimen-

516 4337 701 4387 torum
759 4328 1019 4403 decipiat,
1077 4346 1189 4386 non
1245 4331 1360 4387 ulla
1419 4331 1817 4403 promissorum
1884 4333 2117 4391 facultas

515 4426 734 4475 revocet
758 4437 771 4486 ;
808 4425 870 4473 ut
896 4417 975 4473 ibi
1007 4433 1106 4475 vos
1120 4426 1323 4475 aeterna
1343 4418 1539 4491 gaudia
1558 4420 1848 4493 recipiant,
1869 4422 1962 4478 ubi
1986 4433 2117 4480 sunt

586 4529 611 4556 ⁸
640 4516 753 4604 ξιὼ
781 4515 887 4604 h-oc
915 4516 1255 4604 martyrium
1272 4518 1506 4601 subiisse
1611 4519 1905 4604 Piopysius
1935 4522 2114 4604 tradi:
2146 4546 2191 4604 υ

516 4597 627 4648 tur.
660 4589 900 4644 Lovetus
928 4589 1124 4646 scribit
1152 4589 1461 4646 Sisinnium
1492 4589 1775 4646 intellecta
1810 4593 2113 4648 Domitiani

516 4659 783 4735 morte_in
821 4660 1021 4735 Urbem
1052 4660 1279 4735 rediisse
1300 4679 1314 4728 ;
1333 4661 1636 4735 _Julianum
1669 4679 1799 4735 vero
1829 4664 2116 4735 praesidem

516 4730 808 4811 quemdam
835 4731 1030 4811 saevire
1050 4731 1107 4787 in
1140 4731 1483 4811 Christianos
1508 4730 2019 4811 perrexissefatque
2048 4735 2117 4791 ab

517 4750 808 4804 quemdam
838 4750 1030 4786 saevue
1050 4750 1107 4787 in
1140 4750 1483 4789 bﬂl‘lSIlanOS
1543 4750 1830 4802 errexisse,
1857 4750 1911 4790 at
1955 4752 2019 4791 ue
2048 4750 2117 4791 an

517 4802 689 4874 hujus
712 4800 1049 4874 satellitibus
1076 4802 1318 4874 occisum
1348 4820 1463 4874 esse
1587 4752 2118 4863 Lucianu:n.1¥ena-

517 4870 610 4955 tus
657 4870 988 4955 Benedictus
1038 4882 1207 4954 negat.
1247 4872 1628 4955 jurisdictioni
1676 4875 1794 4955 ejus
1843 4876 2117 4955 subjectos

517 4944 687 5002 fuisse
712 4942 1051 5012 Bellovacos,
1085 4942 1299 5000 misisse
1328 4953 1510 5001 tamen
1544 4962 1607 5001 eo
1638 4942 1844 5002 milites
1874 4942 1958 5002 ad'
1975 4949 2115 5005 hanc

515 5014 1190 5092 credem_perpetrandam_.
1220 5017 1299 5092 D_e
1325 5023 1568 5092 tempore
1597 5017 1761 5092 cedis
1780 5019 2114 5092 _S._Dionysii

514 5087 649 5169 alibi
674 5086 990 5169 :_Baronius
1017 5086 1119 5143 sub
1149 5086 1401 5160 Trajano,
1429 5086 1525 5144 alii
1555 5089 1657 5145 sub
1688 5088 1965 5147 Hadriano
1996 5086 2113 5146 eam

517 5164 717 5221 volunt
743 5164 1062 5230 contigisse.

584 5244 610 5281 b
640 5230 756 5288 Alii
780 5229 1053 5300 Jachinus,
1076 5229 1240 5289 Vinc.
1269 5230 1511 5298 Jacinus,
1535 5230 1679 5288 Petr.
1706 5231 1774 5289 de
1793 5232 1970 5291 Natal.
1998 5234 2116 5291 La-

516 5303 717 5360 trinas.

588 5388 609 5413 ε
637 5375 737 5431 Ms.
770 5374 825 5431 S.
855 5374 1003 5431 Max.
1034 5372 1352 5442 Ianuarius,
1385 5373 1529 5430 Petr.
1558 5374 1774 5431 Larius.

591 5445 803 5517 f‘_Vinc.
835 5453 889 5503 et
916 5446 1060 5502 Petr.
1090 5445 1317 5514 Antrus,
1354 5445 1579 5502 Belfort.
1605 5447 1844 5517 Andrus,
1876 5446 2109 5505 Mombr.

514 5513 730 5587 Adtiys,
764 5517 961 5587 ,Lovet.
988 5518 1240 5587 Anterus,
1272 5513 1371 5575 Ms.
1400 5517 1455 5574 S.
1484 5518 1630 5575 Max.
1658 5513 1879 5574 Auctor.

588 5583 1651 5665 :‘PapiriusMassonus'deﬁuminibus
1678 5588 1935 5665 Gallire_:_
1983 5613 1999 5636 ι
2048 5590 2111 5645 In

516 5653 824 5733 Bellovacis
851 5657 1114 5733 Pieardia
1143 5660 1380 5733 populis,
1404 5660 1499 5732 qui
1520 5661 1627 5715 late
1648 5667 1854 5733 patent,
1877 5659 2111 5717 Tharam

519 5726 804 5800 majorem,
833 5735 888 5783 et
912 5726 1497 5789 Therinaininindrém
1512 5726 1700 5789 amnes
1724 5726 1978 5789 omittere
1999 5748 2111 5789 non

2234 3256 2483 3332 equitatu
2511 3254 2766 3311 adierunt
2794 3262 3058 3322 montem,
3092 3254 3187 3310 ubi
3234 3254 3320 3309 vir
3351 3254 3449 3310 Dei
3479 3270 3611 3310 cum
3637 3258 3843 3328 popqu

2234 3349 2288 3397 et
2316 3343 2432 3398 suis
2480 3341 2795 3397 morabatur
2844 3341 3152 3413 discipulis.
3201 3339 3217 3374 ¹
3275 3339 3395 3407 Quo
3454 3343 3843 3413 pervenientes

2234 3440 2359 3488 ante
2375 3433 2545 3488 ullam
2559 3432 3047 3504 interrogationem
3058 3430 3367 3503 judiciariee
3382 3433 3674 3503 potestatis
3693 3450 3840 3489 com~

2235 3522 2644 3595 prehenderunt
2676 3529 2893 3578 sanctos
2930 3522 3049 3590 Dei,
3082 3521 3482 3576 Maximianum
3514 3522 3730 3578 scilicet
3751 3530 3842 3578 at-

2235 3627 2341 3684 que
2364 3611 2667 3669 Iulianum.
2711 3612 2872 3668 Forte
2909 3620 2971 3667 ut
2998 3626 3187 3666 eorum
3218 3611 3395 3683 pcenis
3442 3618 3698 3667 sanctum
3746 3628 3842 3668 se-

2235 3716 2361 3757 nem
2388 3701 2744 3769 deterrerent,
2777 3711 2831 3757 et
2860 3709 3180 3756 revocarent
3199 3699 3267 3755 ad
3286 3700 3562 3757 culturam
3584 3699 3837 3757 deorum.

2234 3791 2445 3859 Quibus
2484 3791 2918 3865 comprehensis,
2960 3790 3292 3865 praecipiunt
3333 3806 3461 3847 eum
3508 3791 3839 3847 auctoritate

2234 3884 2382 3955 regia
2409 3899 2534 3940 cum
2561 3882 2714 3939 omni
2742 3882 2947 3951 furore,
2982 3881 3148 3938 idolis
3175 3881 3463 3937 immolare
3498 3900 3511 3937 :
3567 3881 3843 3954 Alioquin

2234 3971 2514 4044 inquiunt,
2578 3972 2686 4028 nisi
2750 3970 3192 4028 sacriﬁcaveritis
3245 3970 3355 4027 diis
3403 3970 3839 4037 immortalibus,

2232 4061 2414 4134 gladio
2443 4078 2555 4117 vox
2580 4078 2709 4119 mox
2739 4060 2926 4134 puniri
2950 4059 3228 4133 jubemus.
3253 4060 3342 4116 Illi
3364 4069 3545 4116 autem
3578 4059 3757 4115 fortes
3782 4062 3838 4114 in

2230 4150 2339 4208 ﬁde
2365 4150 2647 4220 dixerunt,
2668 4166 2949 4223 nunquam
2980 4165 3037 4207 se
3059 4149 3246 4219 idolis,
3278 4150 3410 4223 quia
3439 4165 3577 4206 vana
3606 4158 3766 4217 sunt,
3788 4157 3840 4202 et

2229 4256 2392 4313 opera
2430 4256 2694 4296 manuum
2725 4239 3038 4309 hominum,
3072 4239 3360 4294 immolare
3388 4256 3399 4294 :
3432 4237 3708 4306 Quoniam
3741 4254 3841 4292 no-

2228 4330 2433 4399 vimus,
2465 4328 2678 4397 dicunt,
2733 4344 2907 4384 unum
2944 4336 3001 4384 et
3049 4344 3244 4385 verum
3295 4326 3596 4384 Dominum
3644 4326 3840 4381 Iesum

2229 4417 2511 4475 Christum
2536 4417 2741 4474 Filium
2772 4418 2873 4474 Dei
2901 4417 3041 4487 vivi,
3074 4434 3173 4490 pro
3205 4417 3365 4490 cujus
3384 4417 3491 4473 ﬁde
3516 4415 3697 4489 parati
3734 4432 3844 4472 su-

2226 4516 2416 4591 debeo.
2447 4518 2683 4591 Uterque
2712 4516 2780 4591 ab
2808 4533 3005 4591 occasu
3034 4516 3279 4589 proﬂuit,
3301 4523 3536 4591 uterque
3555 4514 3617 4569 in
3651 4514 3843 4570 orien-

2224 4596 2335 4645 tem
2366 4589 2540 4645 fertur
2562 4587 2757 4656 {quod
2798 4587 3141 4645 rarissimum
3168 4599 3268 4644 est.
3301 4587 3605 4643 Milliacum
3639 4593 3838 4641 autem

2224 4660 2380 4717 locus
2417 4670 2499 4717 est
2528 4656 2971 4728 Bellovacorum,
3013 4659 3342 4717 Castellania
3389 4658 3550 4714 hodie
3577 4674 3614 4711 a
3645 4656 3846 4713 Claro.

2226 4739 2412 4787 monte
2438 4731 2770 4804 dependens,
2797 4731 2879 4804 ad
2908 4747 3167 4804 regesque
3212 4731 3512 4804 pertinens,
3555 4737 3717 4804 certa
3752 4739 3847 4785 ta~

2226 4819 2352 4875 men
2382 4819 2451 4858 ex
2493 4799 2643 4875 parte
2667 4799 3104 4875 adlladrianum
3138 4799 3436 4857 Bo‘tlerium
3469 4799 3693 4875 egregie
3725 4817 3845 4855 no-

2222 4872 2415 4955 bilem,
2437 4871 2595 4963 cujus
2613 4874 2961 4963 domicilium
2991 4874 3302 4963 ipdicamus
3336 4889 3451 4929 esse
3480 4872 3538 4927 in
3568 4871 3841 4963 Bellova-

2222 4945 2303 5001 cis
2330 4945 2455 5001 vico
2481 4945 2707 5016 Cagnio.
2742 4945 2809 5000 Hi
2859 4945 2970 5002 duo
3010 4945 3227 5001 ﬁuvioli
3275 4948 3615 5016 concurrunt
3669 4951 3846 5015 atque

2223 5016 2532 5099 confluunt,
2561 5012 2615 5072 et
2652 5032 2821 5099 aquas
2847 5034 2989 5099 suas
3038 5017 3387 5099 permiscent,
3406 5012 3845 5099 habundatntque

2222 5088 2417 5143 troctis
2444 5097 2498 5143 et
2526 5085 2759 5145 cancris.
2795 5114 2812 5137 ι
2846 5089 2917 5145 Et
2950 5085 3071 5161 post
3096 5103 3313 5161 pauca:
3367 5111 3384 5133 ι
3406 5088 3576 5157 Prope
3610 5085 3845 5161 Millia-

2222 5174 2348 5215 cum
2379 5168 2560 5216 autem
2590 5176 2748 5215 mons
2776 5167 2859 5216 est
2886 5158 3116 5215 nomine
3150 5158 3379 5226 Millius,
3412 5165 3467 5213 et
3510 5164 3747 5229 pratum
3784 5158 3843 5212 in

2223 5229 2341 5303 ejus
2375 5248 2593 5287 summo
2621 5231 2843 5300 visitur,
2875 5231 2934 5286 in
2997 5248 3067 5287 uo
3096 5231 3371 5288 Lucianus
3408 5228 3625 5300 maﬂyr
3651 5228 3843 5301 capite

2225 5303 2421 5359 nlexus
2454 5302 2623 5358 vitam
2650 5302 2855 5359 amisit.
2882 5326 2900 5350 ι
2946 5247 3188 5359 ﬂantem
3219 5301 3377 5357 illum
3399 5299 3607 5356 Gallice
3642 5300 3843 5356 Mont-

2225 5300 2421 5374 plexus
2454 5302 2623 5358 vitam
2650 5302 2855 5360 amisit.
2882 5326 2900 5350 ι
2946 5300 3188 5359 Montem
3219 5301 3377 5374 illum
3399 5300 3607 5374 Gallice
3642 5300 3846 5374 Mont-

2224 5371 2369 5429 inille
2397 5382 2615 5443 vocant,
2642 5382 2779 5430 teste
2799 5375 3025 5431 Loveto.
3058 5375 3297 5430 Renatus
3326 5372 3662 5429 Benedictus
3698 5371 3843 5428 scri-

2222 5443 2304 5517 bit
2329 5444 2461 5503 huic
2491 5445 2706 5502 venisse
2734 5446 3052 5515 Lucianum,
3082 5461 3194 5501 non
3226 5453 3288 5502 ut
3315 5460 3373 5517 se
3408 5450 3843 5517 persecutoruni

2221 5514 2395 5572 furori
2415 5518 2763 5587 subduceret,
2785 5518 2880 5575 sed
2908 5525 2971 5574 ut
3007 5514 3439 5573 adventantibus
3477 5523 3843 5587 occurreret.

2257 5657 2267 5669 .
2294 5587 2312 5622 τ
2338 5589 2402 5669 I_n
2431 5589 2531 5669 bis.
2572 5589 2627 5645 S.
2657 5585 2804 5649 Max.
2836 5589 3084 5664 sequitur
3110 5587 3205 5646 hic
3233 5586 3553 5644 exhortatio
3603 5587 3662 5642 S.
3699 5585 3850 5640 Lu-

2219 5659 2361 5715 ciani
2388 5659 2457 5716 ad
2484 5675 2631 5717 suos.
