4056 6190
191 338 326 394 1121

1407 329 1649 395 SERMO
1688 341 1758 396 IN
1795 341 1851 398 S.
1893 342 2276 401 LUCIANUM.

3369 357 3516 413 1122

190 505 316 547 mus
348 489 512 544 mori.
546 489 758 557 Quibus
777 492 982 548 auditis
1001 492 1266 548 continuo
1287 509 1469 549 coram
1491 489 1792 552 beatissimi
1822 504 1870 563 Α
1905 498 2344 568 progenitoribus
2366 499 2590 572 quidem
2613 499 2750 556 meis
2770 517 2899 557 vere
2919 501 3120 559 Lucius
3131 520 3251 560 sum
3264 515 3510 574 vocatus;

189 577 426 633 Luciani
465 576 756 632 obtutibus
779 576 1060 647 jusserunt
1088 595 1180 636 eos
1215 581 1394 652 gladio
1428 580 1632 653 puniri.
1669 581 1806 649 Quis

189 665 296 721 bus
327 665 405 719 ita
435 666 683 736 patratis,
719 668 1015 737 promissas
1070 669 1174 724 sibi
1213 685 1243 724 a
1286 671 1525 726 Domino
1568 671 1804 726 immar-

190 754 484 812 cescibiles
513 765 872 827 perceperunt
901 775 1149 827 coronas,
1204 768 1258 814 et
1305 760 1362 814 in
1412 777 1640 816 numero
1669 777 1804 816 san-

192 852 414 900 ctorum
439 852 770 915 martyrum,
801 863 926 901 cum
960 863 1088 919 pace
1113 856 1242 903 sunt
1285 850 1507 920 recepti.
1541 850 1644 904 Pro
1673 867 1802 922 quo-

192 948 319 986 rum
353 931 529 1002 gloria
578 931 640 986 B.
674 932 950 990 Lucianus
983 937 1279 992 Dominum
1322 939 1640 995 collaudans
1672 956 1803 996 voce

195 1019 604 1092 gratulabunda
627 1037 812 1076 coram
844 1024 1103 1080 omnibus
1124 1026 1269 1081 dixit
1298 1044 1309 1081 :
1359 1027 1594 1083 Exsulto
1625 1037 1678 1084 et
1701 1028 1804 1099 ju-

195 1110 412 1168 cundor
433 1111 493 1166 in
523 1119 597 1179 te,
621 1114 766 1168 Deus
796 1131 973 1185 meus,
1009 1117 1137 1188 quia
1161 1119 1308 1175 ﬁlios
1328 1135 1477 1176 meos
1503 1137 1588 1176 me
1612 1121 1806 1193 praeire

197 1200 264 1256 ad
297 1216 560 1258 coronam
587 1201 826 1260 intueor.

829 1359 1056 1418 CAPUT
1086 1362 1183 1419 IV.

466 1475 522 1534 S.
557 1476 824 1533 Lucianus
855 1480 1000 1534 varie
1031 1487 1218 1549 tortus,
1251 1483 1532 1540 occiditur.

277 1599 369 1655 16.
413 1599 566 1656 Tunc
588 1601 839 1670 Latinus,
864 1604 1060 1673 larius,
1086 1614 1140 1661 et
1168 1609 1350 1662 Antor
1378 1625 1503 1664 cum
1535 1609 1616 1663 ira
1644 1619 1697 1666 et
1730 1609 1809 1664 in-

202 1687 542 1761 dignatione,
593 1693 747 1764 quasi
793 1711 862 1748 ex
922 1712 1034 1751 uno
1093 1713 1188 1752 ore
1231 1699 1495 1754 atrociter
1523 1715 1646 1754 eum
1678 1700 1810 1754 allo-

202 1788 486 1850 quuntur:
526 1779 678 1835 Tune
705 1799 762 1838 es
783 1783 896 1850 ille,
929 1784 1212 1856 inquiunt,
1265 1787 1357 1858 qui
1390 1787 1673 1842 maleﬁciis
1703 1787 1814 1842 tuis

1916 585 1972 640 in
2004 587 2411 656 regeneratione
2445 605 2593 658 vero,
2627 607 2733 662 qua
2762 598 2987 647 renatus
3005 607 3125 646 sum
3155 591 3224 647 ad
3254 603 3510 651 aeternam

1915 683 2084 736 vitam
2122 683 2178 737 in
2201 683 2441 753 Christo,
2469 687 2747 746 Lucianus
2777 707 2965 745 vocor.
3004 688 3354 746 Conditionis
3384 708 3514 747 vero

1913 778 2070 850 cujus
2094 780 2195 835 sim
2220 800 2232 848 ;
2265 783 2568 837 Romanum
2604 799 2688 836 me
2718 800 2831 839 esse
2863 800 3075 854 genere,
3105 785 3250 856 quod
3279 786 3334 841 in
3362 789 3513 844 omni

1914 866 2042 921 orbe
2074 867 2423 924 notissimum
2446 878 2527 926 est
2557 886 2777 939 nomen,
2802 873 3097 942 proﬁteor:
3130 873 3223 928 sed
3254 875 3400 946 quod
3423 891 3516 931 no-

1912 953 2081 1011 bilius
2102 966 2182 1012 est
2211 957 2367 1026 mihi,
2391 976 2610 1014 servum
2638 975 2722 1014 me
2747 976 2861 1017 esse
2885 961 3092 1018 Christi
3111 961 3236 1016 Jesu
3263 965 3514 1032 ostendo;

1915 1045 2061 1115 quod
2094 1046 2272 1101 lucide
2314 1054 2478 1118 patet,
2529 1051 2658 1120 quia
2688 1049 2826 1104 mihi
2859 1051 2999 1106 nihil
3032 1053 3183 1111 aliud
3219 1066 3300 1113 est
3331 1059 3518 1116 vivere

1915 1135 2021 1189 nisi
2054 1137 2321 1192 Dominus
2353 1155 2503 1192 meus
2530 1139 2684 1194 Jesus
2706 1140 2976 1208 Christus,
3011 1152 3065 1198 et
3083 1147 3222 1201 mori
3259 1150 3474 1206 lucrum
3503 1170 3514 1208 :

1917 1221 2040 1277 ideo
2069 1241 2151 1278 me
2182 1224 2297 1295 ejus
2327 1243 2440 1281 esse
2469 1244 2689 1282 servum
2722 1229 2930 1298 gaudeo
2961 1239 3013 1286 et
3043 1235 3330 1292 conﬁteor.
3365 1238 3518 1297 Tunc

1919 1312 2142 1379 milites,
2177 1314 2280 1368 hoc
2308 1323 2407 1382 est,
2442 1315 2724 1389 inquiunt,
2760 1318 2905 1389 quod
2938 1319 3109 1376 locuti
3140 1341 3366 1394 sumus;
3392 1329 3519 1400 quia

1919 1420 2107 1476 magus
2143 1415 2196 1461 et
2217 1408 2471 1464 seductor
2507 1426 2563 1465 es
2589 1427 2777 1465 eorum
2801 1412 2894 1483 qui
2917 1419 2969 1469 te
2989 1414 3224 1472 audiunt
3248 1437 3260 1474 :
3298 1419 3521 1493 insuper

1918 1503 2217 1552 contumax
2239 1499 2633 1570 comprobaris,
2655 1502 2875 1573 quando
2897 1511 2947 1558 et
2971 1507 3274 1574 procaciter
3293 1526 3521 1583 quaeque

1921 1582 2071 1655 loqui
2103 1601 2212 1639 non
2242 1603 2438 1654 cessas,
2472 1597 2525 1643 et
2570 1596 2679 1645 tuae
2726 1591 2903 1646 nescis
2952 1593 3170 1649 tandem
3224 1582 3522 1670 aliquando

1920 1673 2075 1729 fessae
2117 1692 2434 1732 succurrere
2479 1679 2772 1736 senectuti.
2823 1680 2980 1746 Quod
3026 1683 3072 1737 si
3123 1685 3401 1743 Romanus
3442 1704 3518 1757 es,

1921 1777 2019 1816 cur
2049 1779 2079 1818 a
2129 1768 2344 1820 cultura
2391 1767 2619 1822 deorum
2669 1769 3018 1825 insanissime
3057 1776 3353 1843 recessisti,
3386 1792 3522 1849 quos

202 1865 423 1924 seducis
449 1872 734 1942 populum,
758 1887 826 1926 ne
849 1855 1111 1930 obediiant
1129 1855 1300 1946 jussis
1329 1875 1812 1931 invictissimiAu-
1845 1863 1889 1920 Β
1920 1855 2198 1926 Αυέυδῖυδ
2243 1858 2420 1914 Caesar
2469 1868 2761 1916 veneratur
2805 1879 2930 1918 cum
2983 1865 3133 1919 omni
3165 1866 3367 1923 senatu
3408 1871 3524 1927 Ῑῖο-

204 1957 354 2026 gusti
408 1966 566 2031 atque
595 1961 817 2016 Senatui
864 1964 1132 2031 Romano,
1168 1973 1227 2018 ut
1259 1965 1547 2019 immolent
1576 1965 1684 2020 diis
1714 1966 1813 2020 im-

209 2045 542 2101 mortalibus
572 2056 720 2119 grata
749 2048 1056 2105 libamina?
1096 2050 1306 2116 Quibus
1332 2052 1386 2106 S.
1427 2052 1700 2108 Lucianus
1729 2068 1815 2107 re-

206 2134 468 2204 spondit:
521 2137 634 2207 Ego
693 2137 972 2193 maleﬁcus
1019 2155 1130 2194 non
1162 2156 1317 2206 sum;
1353 2141 1447 2196 sed
1477 2158 1596 2196 sum
1628 2158 1818 2197 servus

206 2223 335 2278 Iesu
366 2225 597 2294 Christi,
641 2227 887 2283 eruditus
937 2229 1146 2285 divinis
1183 2229 1471 2286 doctrinis.
1513 2232 1664 2287 Unde
1719 2232 1816 2286 Dei

208 2314 415 2384 populo
451 2313 597 2368 viam
633 2315 878 2371 veritatis
907 2318 1162 2386 ostendo,
1193 2328 1244 2374 et
1274 2320 1575 2374 Dominum
1633 2336 1816 2374 meum

205 2403 396 2458 Jesum
429 2405 732 2474 Christum,
757 2407 854 2478 qui
884 2407 1149 2464 facturam
1175 2426 1329 2464 suam
1347 2411 1499 2465 venit
1520 2411 1578 2465 in
1611 2410 1818 2464 mundo

207 2493 504 2559 redimere,
533 2505 587 2551 et
617 2513 648 2551 a
668 2498 884 2553 cultura
907 2497 1221 2554 daemonum
1242 2509 1508 2568 avertere,
1542 2500 1818 2572 quomodo

209 2582 487 2640 inoffenso
517 2585 652 2656 pede
668 2587 822 2659 sequi
845 2587 1100 2655 debeant,
1123 2589 1433 2657 innotesco,
1457 2597 1518 2644 ut
1547 2589 1614 2643 ad
1641 2589 1817 2644 lucem

209 2675 458 2730 revocati
489 2692 803 2748 supernam,
825 2693 858 2731 a
895 2679 1008 2733 suis
1038 2678 1279 2734 tenebris
1307 2678 1469 2746 eruti,
1516 2680 1818 2746 salventur,

210 2763 349 2834 quia
387 2763 598 2835 justum
637 2775 719 2822 est
763 2775 824 2822 ut
875 2767 960 2821 illi
1002 2768 1104 2822 soli
1135 2768 1405 2824 cervicem
1435 2768 1618 2824 cordis
1647 2767 1820 2823 incli—

212 2861 378 2921 nent,
405 2854 499 2925 qui
534 2871 631 2926 pro
660 2854 910 2910 omnium
932 2856 1107 2910 salute
1127 2857 1426 2913 cruciﬁxus
1450 2859 1627 2913 voluit
1658 2858 1818 2914 mori.

296 2941 378 2995 17.
411 2943 484 2996 At
504 2941 620 2998 haec
641 2943 727 2997 illi
760 2962 770 2998 :
805 2943 1115 3012 Quomodo,
1146 2945 1427 3017 inquiunt,
1454 2953 1514 3000 tu
1536 2948 1709 3001 Deum
1741 2961 1820 3000 as-

214 3029 360 3085 seris
380 3046 540 3104 quem
572 3048 682 3087 non
714 3034 893 3088 solum
917 3041 1196 3088 mortuum
1229 3035 1575 3106 pronuntias,
1627 3050 1819 3090 verum

212 3120 388 3176 etiam
445 3123 825 3180 cruciﬁxum?
871 3124 928 3179 S.
991 3125 1267 3181 Lucianus
1311 3126 1629 3198 respondit:
1669 3126 1822 3182 Licet

1929 1961 2110 2014 mano,
2139 1948 2343 2002 etcolit
2373 1949 2666 2005 universus
2693 1951 2842 2006 orbis
2865 1953 2892 2008 ?
2921 1954 2974 2008 S.
3009 1954 3284 2013 Lucianus
3306 1975 3523 2031 respon-

1928 2035 2012 2090 dit
2039 2054 2049 2090 :
2086 2037 2172 2091 Ex
2202 2054 2310 2109 quo
2339 2047 2559 2094 renatus
2589 2057 2709 2095 sum
2745 2043 2801 2096 in
2834 2042 3078 2112 Christo,
3114 2054 3167 2100 et
3200 2062 3392 2102 verum
3423 2065 3528 2104 co-

1930 2130 2094 2200 gnovi
2125 2132 2423 2186 Dominum
2455 2149 2634 2187 meum
2666 2133 2848 2190 Iesum
2874 2136 3176 2206 Christum,
3209 2155 3321 2195 non
3347 2142 3526 2197 solum

1928 2220 2152 2276 diabolo
2179 2230 2341 2293 atque
2372 2224 2556 2292 idolis,
2590 2241 2781 2280 verum
2805 2226 2968 2281 etiam
2996 2231 3254 2286 omnibus
3273 2232 3529 2304 operibus

1929 2307 2046 2378 ejus
2077 2308 2194 2363 ﬁde
2211 2311 2616 2366 abrenuntiavi.
2651 2313 2754 2366 Sed
2782 2315 2927 2384 quod
2948 2331 3046 2385 ego
3074 2321 3288 2388 loquor,
3320 2328 3374 2374 et
3401 2337 3528 2376 con-

1931 2397 2089 2454 ﬁteor
2115 2399 2181 2453 de
2211 2399 2432 2455 Christo
2461 2402 2722 2467 Domino,
2754 2419 2927 2475 neque
2957 2405 3183 2461 auribus
3225 2409 3526 2480 percipitis,

1931 2506 2106 2562 neque
2158 2490 2392 2546 retinere
2444 2500 2625 2546 mente
2655 2493 2874 2548 valetis.
2907 2494 3224 2551 Excaecavit
3253 2501 3398 2552 enim
3431 2515 3530 2554 vos

1933 2578 2228 2633 inﬁdelitas
2275 2579 2478 2648 cordis,
2527 2597 2742 2636 necnon
2803 2591 2856 2638 et
2906 2582 3173 2640 Caesarem
3219 2586 3529 2658 Augustum

1932 2683 2040 2721 una
2071 2685 2195 2722 cum
2224 2667 2446 2736 Senatu,
2477 2685 2508 2724 a
2539 2670 2740 2742 quibus
2787 2672 2918 2727 talia
2969 2673 3248 2730 detulistis
3291 2674 3530 2750 decreta,

1933 2764 1994 2811 ut
2045 2773 2144 2812 nos
2175 2756 2425 2813 homines
2473 2760 2829 2817 rationabiles
2852 2763 3227 2819 sacriﬁcemus
3255 2763 3535 2820 daemoni-

1933 2844 2054 2913 bus,
2091 2853 2143 2901 et
2166 2846 2498 2904 inclinemus
2528 2850 2770 2906 cervices
2800 2858 3016 2908 nostras
3039 2850 3204 2908 idolis
3231 2868 3398 2909 manu
3423 2853 3535 2909 ho-

1935 2939 2148 2994 minum
2181 2939 2360 2995 factis.

2007 3029 2090 3084 19.
2118 3029 2344 3083 Latinus
2374 3045 2526 3096 vero,
2555 3029 2868 3100 Ianuarius,
2891 3041 2944 3089 et
2965 3035 3144 3089 Antor
3171 3033 3286 3092 haec
3309 3034 3532 3092 audien-

1935 3127 2013 3173 tes
2053 3115 2312 3187 injuriam
2364 3118 2590 3175 Caesaris
2629 3120 2982 3190 impatienter
3028 3122 3253 3177 ferunt:
3294 3131 3536 3197 tuncque

211 3218 403 3266 vestra
433 3212 731 3268 inﬁdelitas
771 3213 1187 3270 clementissimi
1216 3215 1374 3288 Regis
1408 3233 1515 3272 non
1549 3223 1821 3271 mereatur
1851 3223 1894 3284 α
1931 3206 2398 3278 apprehendentes
2441 3222 2566 3260 eum
2616 3206 2820 3263 νίηοῐίε
2874 3210 3128 3266 manibus
3188 3211 3534 3268 tradiderunt

211 3300 412 3357 audire
440 3319 656 3372 arcana,
696 3311 878 3360 tamen
909 3313 1131 3378 propter
1158 3306 1578 3362 multitudinem
1609 3304 1825 3360 adstan-

213 3401 332 3448 tem
361 3393 548 3463 paucis
576 3394 905 3450 edisseram:
942 3397 1088 3451 Deus
1119 3396 1215 3451 Dei
1252 3397 1449 3463 Filius,
1483 3395 1577 3467 qui
1615 3411 1830 3466 semper

216 3483 332 3538 fuit
354 3501 479 3540 cum
501 3486 661 3541 Patre
682 3496 808 3541 ante
834 3488 1055 3551 saecula,
1079 3495 1300 3556 propter
1322 3485 1830 3557 praevaricationem

214 3573 389 3646 primi
425 3574 694 3639 hominis,
733 3576 789 3626 in
838 3573 946 3626 ﬁne
995 3581 1303 3645 temporum
1354 3593 1453 3647 pro
1493 3578 1834 3648 reparatione

216 3661 454 3718 humani
489 3660 704 3732 generis
736 3659 912 3715 voluit
941 3661 1058 3716 ﬁeri
1093 3678 1255 3719 verus
1301 3664 1466 3720 homo
1497 3683 1566 3721 ex
1597 3667 1830 3739 virgine,

215 3759 286 3806 ut
317 3758 462 3805 esset
494 3765 657 3804 verus
695 3751 841 3805 Deus
871 3758 923 3805 et
963 3767 1127 3806 verus
1158 3752 1343 3822 homo,
1393 3763 1640 3828 essetque
1689 3756 1832 3812 idem

211 3842 376 3896 Deus
396 3847 449 3893 et
482 3837 670 3906 homo,
704 3854 848 3893 unus
879 3838 1151 3909 Christus,
1183 3858 1346 3899 verus
1377 3845 1475 3900 Dei
1517 3854 1570 3901 et
1592 3845 1836 3900 hominis

215 3927 379 3983 ﬁlius
403 3945 416 3993 ;
450 3933 513 3981 ut
541 3927 636 3998 qui
667 3935 782 3983 erat
809 3927 1170 3999 impassibilis
1200 3931 1257 3984 in
1287 3932 1582 3990 divinitate
1619 3952 1836 4008 semper

221 4034 459 4074 manens
487 4033 614 4073 cum
636 4019 812 4087 Patre,
847 4019 1001 4077 ﬁeret
1023 4037 1134 4076 non
1162 4023 1343 4078 solum
1365 4025 1623 4094 visibilis,
1645 4045 1837 4084 verum

221 4107 396 4162 etiam
428 4115 481 4161 et
527 4107 800 4178 passibilis
843 4125 942 4180 pro
973 4109 1134 4166 nobis
1187 4113 1492 4169 secundum
1530 4115 1838 4175 humanita-

226 4204 367 4252 tem.
394 4195 536 4250 Hinc
565 4195 744 4251 factus
782 4205 862 4252 est
893 4198 1155 4256 obediens
1180 4203 1294 4258 Deo
1321 4202 1470 4258 Patri
1488 4221 1586 4276 pro
1617 4206 1842 4264 redem—

230 4287 423 4359 ptione
454 4293 640 4341 nostra
661 4302 831 4359 usque
859 4288 928 4344 ad
957 4300 1212 4360 mortem,
1244 4301 1479 4349 mortem
1508 4303 1688 4352 autem
1711 4297 1842 4355 Cru-

231 4375 338 4433 cis.
366 4376 518 4431 Alias
540 4385 723 4432 autem
756 4377 865 4432 nisi
898 4379 1076 4435 Filius
1098 4381 1215 4447 Dei,
1240 4381 1486 4440 hominis
1502 4385 1666 4442 etiam
1690 4387 1841 4444 ﬁlius

235 4465 559 4538 dignaretur
589 4467 728 4535 ﬁeri,
763 4484 863 4524 nec
903 4468 1209 4526 humanum
1265 4489 1434 4543 genus
1482 4476 1551 4530 ad
1600 4478 1840 4547 veniam,

1937 3295 2271 3350 tortoribus:
2323 3295 2418 3366 qui
2466 3302 2520 3348 et
2570 3294 2928 3352 extendentes
2956 3314 3080 3353 eum
3112 3299 3252 3356 diris
3281 3304 3538 3359 atrociter

1938 3385 2254 3442 ceciderunt
2283 3383 2528 3455 ﬂagellis.
2559 3382 2804 3456 Cumque
2830 3385 2896 3440 ab
2922 3387 3001 3442 eis
3039 3387 3276 3444 nimium
3302 3391 3536 3464 ﬂagella-

1941 3485 2028 3531 tus
2058 3475 2270 3541 fuisset,
2294 3480 2345 3528 et
2369 3472 2588 3528 vinctus
2617 3473 2912 3529 admodum
2950 3484 3249 3547 teneretur,
3281 3479 3378 3535 diu
3403 3497 3538 3537 cru-

1942 3565 2177 3622 ciatibus
2205 3570 2382 3618 tortus
2409 3561 2614 3616 athleta
2645 3561 2766 3630 Dei,
2800 3579 2899 3620 nec
2926 3563 3212 3623 doloribus
3253 3577 3541 3642 superatur

1944 3673 2044 3713 nec
2074 3654 2240 3710 minis
2269 3652 2606 3720 deterretur;
2640 3653 2733 3708 sed
2766 3653 2925 3709 fortis
2959 3655 3013 3710 in
3036 3655 3142 3712 ﬁde
3171 3657 3378 3715 Christi
3405 3676 3540 3732 pene

1939 3747 2052 3819 jam
2084 3743 2372 3817 decrepita:
2401 3743 2701 3800 senectutis
2728 3743 2972 3800 membra
2996 3762 3132 3818 puro
3153 3748 3342 3821 vigore
3367 3750 3541 3806 animi

1947 3835 2258 3903 roborabat,
2291 3834 2369 3888 ita
2399 3841 2459 3888 ut
2479 3849 2695 3905 semper
2718 3833 2863 3891 inter
2893 3835 3119 3891 verbera
3136 3839 3326 3894 eodem
3357 3841 3540 3910 vultu,

1947 3927 2134 3982 eadem
2172 3932 2351 3981 mente
2403 3924 2724 3996 perdurans,
2773 3924 2980 3982 Christi
3014 3941 3214 3982 nomen
3244 3928 3373 3984 viva
3411 3945 3543 3986 voce

1949 4033 2060 4072 non
2089 4025 2320 4073 cessaret
2348 4014 2621 4083 conﬁteri,
2657 4015 2874 4072 dicens:
2908 4015 3188 4075 Christum
3218 4019 3317 4076 Dei
3340 4019 3544 4078 Filium

1950 4116 2004 4164 et
2035 4109 2197 4165 corde
2221 4109 2403 4175 credo,
2431 4116 2486 4164 et
2516 4125 2608 4164 ore
2639 4110 2860 4166 laudare
2899 4128 3182 4186 nunquam
3214 4116 3454 4174 cessabo.

2023 4198 2112 4253 20.
2144 4198 2298 4253 Tunc
2326 4197 2510 4253 furore
2537 4201 2793 4269 permoti,
2820 4199 2945 4255 data
2973 4205 3242 4258 sententia
3265 4205 3550 4276 jusserunt

1953 4303 2077 4343 eum
2119 4285 2300 4359 gladio
2331 4286 2504 4342 feriri.
2551 4286 2749 4359 Sicque
2780 4302 2921 4342 unus
2951 4304 3019 4342 ex
3049 4288 3322 4345 militibus
3354 4295 3548 4365 evagi—

1953 4385 2082 4434 nato
2135 4376 2337 4449 gladio,
2382 4384 2567 4448 parata
2590 4375 2704 4446 jam
2737 4383 2922 4432 sancta
2949 4377 3184 4446 cervice,
3214 4388 3463 4435 sanctum
3494 4390 3548 4437 et

1954 4467 2253 4542 pretiosum
2303 4465 2421 4538 ejus
2458 4474 2620 4536 caput
2660 4465 2913 4522 abscidit.
2958 4466 3204 4540 Cumque
3234 4469 3408 4526 sancti
3438 4469 3547 4527 viri

234 4570 339 4610 nec
367 4557 624 4611 mortales
657 4556 900 4612 redirent
937 4558 1006 4613 ad
1053 4559 1244 4616 vitam.
1281 4561 1408 4618 Hac
1437 4571 1489 4618 et
1527 4565 1636 4620 alia
1666 4569 1840 4623 multa
1873 4589 1922 4648 ι)
1953 4555 2420 4648 φάανθΐὶἃοεῗτθῖ»
2452 4555 2634 4648 ἒάδυίῖ
2663 4554 3025 4648 elpalpital'el
3046 4553 3328 4648 e¥3Pim§§
3358 4555 3550 4648 γ’ίάθξι·

235 4647 554 4705 beatissimo
583 4661 946 4726 prosequente
979 4654 1243 4725 Luciano,
1280 4657 1486 4714 milites
1531 4661 1702 4732 magis
1733 4679 1842 4719 ma-

236 4739 427 4811 gisque
473 4739 659 4796 furore
714 4752 843 4800 sunt
885 4745 1108 4816 repleti;
1157 4747 1339 4818 quiet
1377 4747 1678 4806 dixerunt:
1725 4751 1842 4808 Jam

243 4829 393 4884 enim
419 4837 469 4883 te
499 4831 796 4886 senectutis
825 4831 1160 4889 invitaverat
1182 4842 1418 4907 tempus,
1452 4846 1511 4894 ut
1531 4838 1598 4894 ab
1620 4838 1842 4896 infanti-

244 4917 395 4974 libus
424 4919 770 4992 resipisceres
795 4939 807 4987 ;
847 4922 941 4976 sed
972 4923 1234 4994 quoniam
1254 4925 1467 4982 vanitas
1488 4927 1662 4984 nimia
1685 4937 1734 4985 te
1755 4931 1844 4986 de-

244 5007 404 5080 cipit,
442 5017 494 5064 et
519 5010 792 5081 superflua
821 5011 1021 5066 invitat
1059 5013 1381 5084 loquacitas,
1417 5017 1485 5072 ad
1508 5027 1739 5075 mortem
1766 5021 1844 5076 ire

245 5098 556 5154 temeritate
588 5100 760 5155 nimia
788 5100 1028 5157 conﬁsus
1065 5117 1178 5155 non
1218 5103 1502 5160 formidas.
1543 5109 1846 5166 Verumta-

248 5201 374 5241 men
404 5186 510 5242 nisi
537 5188 649 5244 cito
678 5190 971 5260 resipueris
991 5199 1043 5246 et
1063 5193 1346 5248 recesseris
1369 5193 1435 5248 ab
1469 5196 1568 5252 hac
1598 5199 1844 5270 audacia,

249 5286 304 5336 et
333 5280 728 5339 sacriﬁcaveris
767 5283 876 5338 diis
914 5283 1322 5341 immortalibus
1368 5294 1517 5358 grata
1561 5287 1844 5360 libamina,

251 5379 588 5427 senectutem
623 5380 771 5428 tuam
807 5373 998 5429 multis
1025 5374 1326 5431 aﬁiciemus
1359 5378 1668 5433 tormentis.

329 5460 414 5516 18.
461 5462 614 5519 Tunc
647 5463 1020 5520 residentibus
1066 5465 1200 5531 illis,
1235 5465 1447 5521 adstare
1498 5482 1622 5521 eum
1665 5483 1848 5523 coram

247 5545 552 5618 jusserunt.
576 5549 752 5606 Aiunt
773 5549 955 5622 itaque
978 5549 1045 5605 ad
1061 5566 1188 5606 eum
1220 5568 1353 5608 voce
1376 5553 1577 5610 minaci
1602 5573 1612 5609 :
1640 5555 1850 5612 Nomen

253 5635 529 5709 siquidem
561 5638 721 5694 nobis
750 5647 905 5695 tuum
938 5639 1422 5713 conditionemque
1452 5643 1668 5699 declara
1701 5643 1853 5700 cele-

257 5724 394 5783 rius.
421 5727 636 5794 Quibus
663 5728 870 5787 athleta
907 5728 1113 5787 Christi
1161 5731 1474 5804 respondit:
1510 5731 1790 5804 Siquidem
1821 5748 1854 5788 a

1953 4647 2100 4704 tibus
2128 4645 2364 4712 cunctis,
2395 4645 2565 4700 etiam
2618 4645 2752 4716 ipsis
2795 4644 2990 4700 mortis
3033 4643 3322 4714 ministris,
3355 4647 3453 4702 lux
3482 4647 3550 4704 de

1951 4737 2090 4793 coelo
2137 4737 2328 4808 ingens
2368 4750 2531 4807 supra
2582 4751 2780 4806 corpus
2823 4744 3072 4791 sanctum
3102 4734 3328 4804 effulsit,
3362 4744 3415 4792 et
3440 4753 3552 4794 vox

1953 4843 2146 4897 magna
2185 4827 2388 4897 pariter
2431 4843 2555 4882 cum
2591 4827 2711 4882 luce
2760 4827 2932 4892 venit,
2961 4827 3176 4883 dicens:
3213 4827 3381 4899 Euge,
3410 4827 3550 4884 bone

1953 4916 2156 4972 famule
2189 4917 2448 4985 Luciano,
2483 4916 2576 4989 qui
2616 4932 2714 4988 pro
2744 4932 2830 4971 me
2873 4915 3194 4988 sanguinem
3227 4926 3380 4973 tuum
3414 4918 3550 4972 fun-

1953 5014 2080 5071 dere
2107 5033 2216 5071 non
2246 5015 2509 5072 dubitasti
2535 5034 2548 5083 ;
2585 5015 2732 5083 veni,
2765 5022 2818 5070 et
2848 5015 3062 5085 suscipe
3105 5031 3362 5072 coronam
3415 5013 3548 5070 olim

1954 5105 2054 5160 tibi
2106 5105 2452 5177 promissam,
2499 5105 2628 5176 quia
2684 5121 2810 5161 cum
2863 5103 3064 5159 sanctis
3108 5103 3467 5175 gratulaberis
3491 5103 3550 5160 in

1956 5195 2114 5250 coelo.
2160 5193 2320 5260 Veni,
2354 5200 2408 5248 et
2435 5191 2652 5264 percipe
2686 5191 3028 5246 mansionem
3056 5192 3242 5262 gloriae
3291 5192 3427 5247 olim
3456 5193 3559 5250 tibi

1958 5292 2199 5356 paratam
2233 5299 2358 5339 cum
2395 5282 2620 5354 angelis.
2655 5281 2784 5347 Quae
2815 5281 3080 5336 nimirum
3114 5298 3224 5337 vox
3275 5298 3388 5338 non
3434 5299 3554 5355 pro-

1958 5381 2078 5445 pter
2125 5373 2327 5444 ipsum,
2378 5373 2472 5444 qui
2520 5386 2732 5442 semper
2778 5369 2922 5426 hanc
2970 5372 3448 5441 repromissionem
3497 5372 3558 5428 in

1959 5462 2123 5518 corde
2169 5469 2472 5533 gestaverat
2524 5476 2618 5531 per
2666 5459 2855 5528 ﬁdem,
2902 5460 3045 5516 facta
3077 5468 3177 5529 est,
3212 5461 3305 5517 sed
3338 5469 3574 5536 prapter

1960 5559 2217 5619 astantes,
2269 5557 2330 5605 ut
2377 5549 2538 5604 ﬁdem
2570 5547 2792 5604 Domini
2825 5549 2997 5604 nostri
3037 5549 3165 5606 Jesu
3193 5551 3398 5608 Christi
3429 5569 3460 5607 a
3487 5550 3551 5610 S.

1962 5641 2206 5698 Luciano
2235 5641 2392 5712 longe
2419 5639 2515 5695 diu
2544 5639 2915 5712 praedicatam,
2945 5641 3206 5697 certiores
3251 5643 3318 5698 de
3349 5643 3561 5701 meritis

1959 5727 2135 5790 sancti
2166 5732 2273 5786 viri
2312 5730 2575 5786 ﬁdissime
2597 5729 2920 5789 retinerent.
2955 5730 3070 5792 Hoc
3107 5741 3287 5790 autem
3314 5732 3404 5791 die
3433 5731 3558 5790 Sab-
