4078 6182
479 356 607 414 1123

470 507 622 565 bathi
655 505 829 560 hora.
860 500 1063 554 factum
1098 501 1179 549 est
1221 491 1280 546 in
1324 497 1508 544 monte
1539 501 1700 558 quem
1738 497 1900 554 supra
1929 493 2055 534 me-

473 594 829 658 moravimus,
874 590 1038 644 tertio
1082 582 1149 638 ab
1195 579 1330 636 urbe
1362 575 1644 642 milliario,
1676 573 1700 608 δ
1723 588 1782 627 vr
1814 569 1942 626 Idus
1968 567 2067 623 Ja-

477 685 675 741 nuarii.
715 677 872 748 Quod
921 681 1205 732 cernentes
1237 676 1290 725 et
1334 667 1618 724 audientes
1652 661 1760 717 viri
1807 658 1900 732 qui
1941 673 2068 714 cre-

474 745 755 838 diderant,
789 768 875 823 vel
928 763 1022 837 qui
1070 778 1180 817 non
1233 757 1598 822 crediderant,
1654 765 1846 809 omnes
1895 745 2071 803 nimio

475 872 679 919 terrore
699 834 960 931 perculsi,
975 859 1114 909 nutu
1142 849 1335 905 divino
1365 845 1537 918 aliqui
1568 843 1825 914 fugerunt
1854 857 1867 904 ;
1899 834 2069 908 aliqui

479 967 605 1008 vero
633 925 926 1020 stupefacti
960 943 1221 998 mirantes
1256 953 1365 1010 pra:
1397 934 1616 1006 gaudio,
1652 929 1780 1003 quia
1812 925 2072 982 videbant

478 1060 534 1099 se
571 1042 833 1097 liberatos
865 1051 896 1091 a
927 1033 1131 1107 laqueis
1173 1028 1402 1096 diaboli,
1449 1034 1629 1080 tamen
1683 1037 1792 1078 non
1840 1021 2073 1075 ferentes

478 1131 784 1190 claritatem
823 1126 983 1194 lucis,
1017 1122 1293 1196 paulisper
1322 1122 1662 1175 recesserunt
1690 1129 1722 1170 a
1752 1112 1892 1168 loco.

1109 1257 1338 1318 CAPUT
1367 1255 1436 1312 ν.

775 1360 951 1431 Caput
973 1357 1256 1430 proprium
1289 1353 1476 1423 defert,
1516 1347 1784 1421 sepelitur.

551 1457 638 1516 21.
680 1457 834 1514 Tunc
873 1455 1088 1526 erigens
1133 1469 1188 1508 se
1226 1450 1399 1507 sancti
1431 1447 1538 1502 viri
1568 1459 1765 1515 corpus
1797 1437 2072 1505 exanime,

481 1547 840 1621 apprehendit
873 1543 1108 1618 propriis
1136 1541 1390 1597 manibus
1412 1543 1661 1594 sanctum
1685 1537 1850 1604 caput
1878 1527 2076 1584 abscis-

481 1617 600 1693 sum
632 1636 817 1693 stabili
851 1617 1036 1706 gressu
1064 1631 1302 1704 Spiritus
1328 1627 1505 1685 sancti
1546 1623 1736 1698 gratia,
1771 1619 1926 1692 cujus
1966 1617 2076 1672 fue-

483 1735 604 1782 rant
635 1726 879 1782 membra
907 1723 1154 1796 corporis
1182 1730 1235 1778 et
1263 1736 1484 1792 organa,
1529 1732 1638 1772 una
1675 1729 1801 1770 cum
1833 1709 2077 1766 ministe-

1511 330 1764 389 ()DONIS
1802 317 2378 383 BELLOVACENSIS
2417 307 2744 370 EPIOCOPI

2082 478 2134 537 Α
2161 473 2236 530 lia
2263 469 2554 535 vidissent,
2584 463 2671 521 vel
2695 458 2976 518 audissent
2995 449 3417 516 acredentibus,
3433 446 3629 537 eodem
3659 445 3782 537 die,

3648 288 3782 346 ltili

2175 569 2235 619 ut
2264 561 2594 618 aestimatum
2633 561 2734 619 est,
2773 547 2937 608 corde
2977 539 3293 614 compuncti
3331 536 3694 594 crediderunt
3726 536 3782 590 in

2177 633 3272 710 Dominum.lesumChristumFiliumDei
3287 631 3404 687 vivi
3424 631 3598 687 ferme
3623 629 3786 702 quin-

2179 735 2325 808 genti
2355 733 2605 790 homines
2627 747 2696 786 ex
2723 727 2946 784 diverso
2987 737 3144 778 sexu.
3179 718 3297 774 Iam
3343 716 3494 772 enim
3525 714 3787 770 conversi

2181 802 2395 880 fuerant
2441 838 2535 896 per
2584 815 3028 893 praedicationem
3075 807 3379 865 beatissimi
3441 803 3673 859 Luciani
3727 802 3787 857 in

2180 913 2372 970 Galliis
2406 891 2514 969 nbn
2557 891 2741 966 minus
2769 921 2931 979 quam
2979 897 3210 971 triginta
3252 895 3430 950 millia
3463 891 3787 956 hominum,

2181 1010 2273 1056 aut
2306 1002 2482 1056 multo
2507 997 2746 1072 amplius
2775 977 2983 1050 diversi
3016 985 3229 1060 generis
3258 991 3311 1040 et
3341 984 3550 1049 aetatis;
3585 977 3682 1053 qui
3706 995 3792 1035 re.

2181 1093 2328 1148 lictis
2357 1091 2522 1147 idolis
2549 1071 2956 1147 conﬁtebantur
2991 1082 3167 1138 Deum
3197 1076 3413 1132 Patrem
3449 1071 3786 1144 ingenitum,

2181 1193 2235 1241 et
2265 1183 2469 1238 Filium
2501 1179 2621 1252 ejus
2649 1175 3020 1248 unigenitum,
3047 1185 3156 1226 una
3184 1183 3310 1224 cum
3342 1173 3533 1220 sancto
3549 1162 3789 1234 Spiritu,

2183 1273 2240 1329 in
2269 1271 2518 1327 trinitate
2547 1284 2738 1325 verum
2769 1273 2823 1321 et
2846 1278 3020 1318 unum
3045 1261 3238 1316 Deum.
3273 1255 3394 1322 Qua
3423 1253 3530 1308 ﬁde
3561 1268 3656 1325 per
3690 1252 3791 1306 la-

2183 1379 2406 1418 vacrum
2451 1354 2880 1431 regenerationis
2907 1350 3103 1418 renati,
3137 1355 3192 1403 et
3223 1345 3500 1410 innovati,
3537 1341 3790 1398 fabrica—

2184 1459 2384 1507 verunt
2413 1448 2649 1506 Domino
2679 1461 2809 1501 mox
2834 1439 3092 1499 nonnulli
3118 1453 3306 1494 eorum
3338 1432 3698 1490 devotissime
3723 1431 3789 1486 in

2185 1544 2376 1601 eodem
2409 1544 2531 1598 loco
2560 1556 2722 1613 super
2755 1543 3009 1594 sanctum
3038 1545 3260 1604 corpus,
3299 1525 3369 1583 ad
3404 1523 3674 1582 honorem
3705 1521 3789 1593 ip-

2187 1637 2300 1694 sius
2340 1634 2620 1708 martyris,
2654 1632 2961 1688 basilicam.

2259 1727 2346 1784 24.
2379 1707 2703 1784 Sanctorum
2746 1729 2928 1778 autem
2970 1713 3289 1775 Maximiani
3322 1720 3377 1769 et
3402 1707 3611 1767 Iuliani
3655 1723 3790 1765 cor-

482 1816 565 1872 Γίο
594 1817 862 1888 angelico,
900 1830 964 1870 ³ο
998 1813 1044 1868 Si
1076 1812 1269 1866 νίνθηε
1320 1810 1376 1865 in
1424 1819 1672 1878 corpore:
1725 1802 1828 1857 ίίθτ
1878 1797 2079 1896 Ιξ¹³¹¹ῖί⁸
2111 1841 2157 1899 Β
2189 1835 2315 1892 pora
2350 1818 2405 1873 in
2447 1823 2656 1882 monte,
2689 1811 2784 1868 ubi
2820 1807 3074 1867 decollati
3120 1806 3358 1870 fuerant,
3390 1807 3522 1857 sunt
3554 1797 3788 1870 sepulta.

482 1904 814 1959 ﬁrmissimis
869 1917 1088 1974 carpere
1133 1898 1296 1972 coepit
1341 1915 1352 1952 :
1403 1903 1731 1968 portansque
1778 1888 2076 1961 pretiosum

483 2001 664 2064 caput,
707 1993 877 2047 ductu
902 1991 1170 2060 angelico,
1209 2006 1240 2042 a
1269 1994 1454 2042 monte
1494 1982 1648 2054 quasi
1689 1976 1938 2034 millibus
1967 1976 2078 2030 tri—

483 2084 583 2138 bus
615 2095 636 2121 ε
663 2081 1013 2136 transvadato
1044 2078 1291 2135 ﬂuminis
1311 2079 1467 2131 alveo
1497 2075 1749 2148 pervenit
1777 2073 1844 2129 ad
1875 2073 2074 2136 locum,

484 2187 646 2244 quem
682 2171 766 2224 vir
811 2176 1032 2225 sanctus
1074 2167 1180 2223 sibi
1217 2165 1397 2221 funeri
1444 2163 1769 2220 tradendum
1822 2162 2076 2233 elegerat,

485 2277 594 2317 uno
616 2278 646 2317 a
676 2259 938 2333 praedicta
960 2259 1095 2314 urbe
1119 2257 1417 2312 distantem
1439 2255 1610 2310 ferme
1641 2250 1904 2307 milliario
1938 2267 1950 2306 :
1985 2247 2079 2303 ubi

486 2351 543 2406 in
569 2350 743 2422 agello
773 2348 995 2421 publico
1039 2363 1166 2403 cum
1213 2345 1394 2418 palma
1436 2340 1688 2400 victoriae
1735 2345 1955 2395 sanctus
2000 2352 2078 2392 re-

484 2441 694 2515 quievit
730 2440 786 2494 in
817 2454 966 2510 pace.

555 2535 642 2592 22.
678 2536 702 2570 ά
728 2535 881 2591 Unde
912 2534 1019 2589 viri
1047 2529 1413 2598 devotissimi,
1443 2529 1538 2601 qui
1565 2526 1681 2599 ejus
1708 2527 1920 2582 fuerant
1949 2539 2080 2596 prat-

485 2623 760 2680 dicatioue
803 2621 1076 2686 conversi,
1119 2624 1478 2674 occurrerunt
1505 2632 1632 2672 cum
1661 2612 1998 2669 aromatibus
2029 2617 2081 2665 et

487 2719 735 2767 sanctum
768 2707 1186 2766 linteaminibus
1217 2707 1437 2762 mundis
1466 2705 1660 2760 obvolt
1674 2711 1826 2759 entes
1860 2719 2077 2775 corpus,

487 2801 819 2872 sepelierunt
850 2816 974 2856 cum
1008 2814 1202 2867 magno
1234 2797 1439 2852 honore
1469 2802 1522 2850 et
1551 2794 1856 2850 reverentia
1888 2793 1941 2848 in
1970 2809 2080 2847 mo-

488 2894 774 2953 numento,
810 2894 870 2940 ut
895 2885 1202 2951 videbatur,
1232 2893 1364 2939 tunc
1388 2901 1550 2939 novo.
1577 2884 1991 2950 Verumtamen,
2016 2897 2082 2936 ne

488 2976 690 3048 absque
718 2976 1036 3046 angelorum
1059 2972 1256 3028 oﬂiciis
1287 2972 1605 3026 viderentur
1633 2971 1906 3042 exsequiae
1931 2971 2082 3025 cele-

490 3065 678 3132 brata,
710 3064 841 3120 dum
874 3063 1280 3119 sanctissimum
1303 3077 1502 3133 corpus
1521 3059 1861 3126 reconditur,
1884 3069 2081 3130 apertae

2191 1891 2295 1964 Sed
2329 1913 2606 1964 crescente
2636 1917 2866 1959 numero
2905 1906 2960 1956 et
2998 1895 3292 1953 devotione
3323 1891 3788 1955 Christianorum,

2192 2015 2223 2054 a
2251 1996 2509 2054 ﬁdelibus
2538 1994 2667 2050 inde
2723 1993 2900 2048 levata
2944 1985 3247 2044 beatissimi
3293 1981 3519 2039 Luciani
3574 1978 3790 2052 corpori

2193 2095 2319 2144 sunt
2357 2084 2672 2156 conjuncta.
2705 2080 2809 2138 Ubi
2853 2085 3042 2151 postea
3083 2075 3141 2131 in
3185 2071 3382 2129 melius
3420 2069 3694 2127 aediﬁcata
3739 2079 3789 2125 et

2192 2183 2383 2232 ornata
2410 2172 2659 2239 ecclesia,
2691 2169 2928 2226 Domino
2974 2167 3132 2222 Patre
3172 2168 3517 2234 cooperante,
3553 2159 3792 2232 plurima

2193 2273 2336 2322 recte
2367 2260 2680 2334 petentibus
2710 2263 3041 2331 praestantur
3068 2271 3099 2310 a
3127 2251 3365 2310 Domino
3395 2249 3522 2306 Iesu
3569 2248 3791 2305 Christo

2193 2371 2289 2427 per
2319 2353 2514 2409 merita
2557 2357 2612 2406 et
2649 2347 3096 2405 intercessionem
3137 2350 3450 2400 sanctorum
3482 2348 3790 2411 martyrum

2193 2444 2477 2504 beneﬁcia.
2511 2441 2780 2510 Quorum,
2805 2438 2933 2512 quia
2950 2453 3056 2493 una
3080 2434 3354 2502 fuitﬁdes,
3376 2448 3596 2504 unaque
3615 2430 3790 2488 chari-

2193 2545 2296 2605 tas,
2324 2551 2433 2591 una
2451 2541 2504 2590 et
2529 2532 2587 2588 in
2619 2529 2886 2602 martyrio
2904 2526 3200 2593 confessio,
3233 2524 3441 2581 idcirco
3466 2523 3593 2594 jure
3614 2522 3788 2578 credi-

2195 2643 2317 2683 mus
2351 2640 2539 2680 eorum
2571 2621 2716 2696 quod
2750 2636 2858 2676 una
2895 2619 2967 2675 sit
3017 2619 3073 2673 in
3101 2626 3305 2674 aeterna
3336 2612 3680 2670 beatitudine
3711 2629 3792 2668 so-

2193 2717 2383 2782 cietas,
2416 2727 2699 2784 unumque
2729 2709 3071 2768 consortium
3097 2704 3516 2762 meritorum.Et
3540 2701 3663 2758 ideo
3681 2718 3793 2774 gra-

2194 2805 2298 2862 tias
2327 2819 2550 2876 agamus
2579 2797 2822 2859 Creatori
2855 2805 3063 2865 nostro,
3097 2794 3357 2868 quoniam
3391 2801 3556 2849 testes
3587 2792 3790 2849 Christi

2193 2895 2342 2950 trino
2377 2907 2606 2951 numero
2633 2887 2898 2960 assumpti
2930 2886 3089 2942 ﬁdele
3117 2889 3646 2941 consummaverunt
3674 2898 3792 2954 pro-

2196 2989 2316 3056 pter
2341 2983 2502 3038 ﬁdem
2534 2978 2825 3036 Trinitatis
2855 2977 2912 3033 in
2935 2984 3080 3032 terra
3103 2975 3428 3046 martyrium
3457 2971 3638 3045 :quod
3666 2971 3795 3042 quia

2196 3073 2399 3130 factum
2433 3070 2713 3136 novimus,
2758 3083 3088 3124 veneramur
3128 3065 3472 3138 ﬁdeliterque
3500 3063 3796 3120 recolimus

491 3164 618 3214 sunt
647 3171 804 3211 nares
832 3171 1021 3210 eorum
1051 3152 1258 3219 subito,
1290 3157 1684 3222 senseruntque
1725 3149 1864 3204 mira
1895 3149 2082 3204 odora-
2117 3200 2160 3260 Ο
2195 3170 2249 3218 ει
2276 3159 2644 3232 agnoscimus,

491 3255 672 3304 mente
693 3247 852 3303 valde
873 3243 1170 3317 fragrantia
1190 3259 1379 3299 omnes
1403 3241 1495 3315 qui
1518 3241 1763 3310 aderant,
1795 3242 1970 3299 donec
1990 3257 2085 3296 ex-

490 3339 691 3411 sequiae
714 3335 1015 3393 beatissimi
1041 3336 1146 3389 viri
1169 3333 1594 3401 celebrarentur,
1617 3341 1670 3388 et
1691 3348 1891 3404 corpus
1917 3331 2086 3386 hutno

491 3429 852 3500 obtegeretur.
881 3427 966 3482 llli
991 3433 1171 3480 autem
1197 3423 1302 3478 viri
1325 3422 1614 3495 stupefacti
1646 3422 2087 3494 admirantesque

492 3535 600 3593 pra
630 3519 826 3592 gaudio
843 3517 1099 3572 dicebant
1126 3514 1194 3570 ad
1221 3513 1459 3570 invicem
1491 3531 1502 3569 :
1540 3513 1813 3580 Quidnam
1837 3521 1917 3568 est
1939 3512 2044 3567 hoc
2060 3511 2087 3566 7

492 3609 678 3665 Gloria
707 3608 831 3676 tibi,
865 3610 1099 3662 Domine
1127 3605 1248 3662 Jesu
1283 3605 1532 3661 Christe:
1558 3604 1688 3675 quia
1709 3611 1906 3658 nostrae
1931 3618 2088 3658 nares

489 3699 713 3755 odorem
745 3698 908 3752 talem
942 3703 1264 3766 tantumque
1294 3709 1573 3765 nunquam
1604 3699 1912 3748 senserunt.
1947 3692 2086 3746 Glo-

490 3788 570 3843 ria
600 3787 724 3853 tibi,
758 3785 973 3844 Christe
999 3786 1268 3853 Salvator,
1300 3786 1428 3857 quia
1453 3784 1532 3840 sic
1559 3799 1750 3839 sumus
1781 3783 1993 3854 repleti,
2027 3790 2088 3838 ut

491 3876 632 3932 nihil
695 3875 855 3932 nobis
909 3874 1140 3931 ulterius
1190 3873 1322 3929 boni
1367 3873 1552 3928 deesse
1599 3871 1872 3929 credatur.
1919 3873 2087 3928 Porro

490 3975 695 4037 quanto
741 3963 980 4034 amplius
1025 3963 1156 4017 talia
1204 3961 1591 4034 loquebantur,
1645 3963 2087 4035 tanto.amplius

488 4053 625 4107 odor
651 4051 907 4107 adluebat
938 4049 1182 4116 divinus,
1233 4049 1312 4105 ita
1359 4056 1421 4104 ut
1458 4048 1575 4121 jam
1619 4050 1805 4106 nullus
1834 4051 2086 4108 dubitare

490 4149 689 4214 posset,
721 4142 1042 4212 angelorum
1065 4140 1132 4196 ad
1169 4139 1269 4196 has
1297 4140 1586 4212 exsequias
1613 4155 1645 4195 a
1671 4140 1948 4214 principio
1967 4158 2085 4215 pas-

488 4231 660 4288 sionis
690 4229 808 4302 ejus
832 4229 1148 4286 interfuisse
1171 4229 1501 4287 ministeria.

561 4321 647 4378 23.
681 4319 892 4389 Quibus
922 4320 1024 4377 rite
1055 4321 1289 4392 expletis
1327 4327 1744 4392 prostraverunt
1789 4339 1846 4379 se
1895 4338 2086 4379 omnes

489 4414 548 4468 in
577 4420 778 4468 terram
809 4427 937 4468 cum
970 4410 1148 4466 nimio
1179 4412 1376 4467 timore
1403 4418 1458 4466 et
1487 4428 1683 4484 magna
1710 4411 1894 4469 cordis
1921 4413 2083 4469 devo-

489 4501 638 4558 tione
663 4503 961 4558 clamantes
975 4508 1029 4556 et
1049 4500 1293 4556 dicentes
1315 4519 1326 4556 :
1352 4500 1639 4558 Credimus
1681 4510 1752 4570 te,
1780 4503 1907 4559 Jesu
1929 4503 2084 4561 Chri-

488 4598 590 4660 ste,
622 4606 811 4646 verum
844 4591 943 4646 Dei
973 4591 1175 4645 Filium
1211 4607 1338 4647 cum
1369 4591 1526 4646 Patre
1563 4601 1618 4648 et
1655 4591 1865 4664 Spiritu
1895 4601 2083 4650 sancto

491 4689 806 4753 regnantem
836 4681 897 4735 in
932 4681 1123 4748 caelis;
1157 4680 1298 4736 sicut
1324 4697 1356 4735 a
1383 4693 1571 4738 sancto
1601 4692 1844 4756 martyre
1865 4694 1960 4740 tuo
1981 4685 2084 4741 Lu-

489 4775 649 4832 ciano
679 4772 994 4828 audivimus
1023 4787 1174 4840 aure,
1203 4779 1257 4828 et
1286 4772 1585 4831 didicimus
1606 4784 1804 4833 mente.
1839 4778 1973 4835 Cum
1993 4794 2084 4834 au-

490 4871 600 4919 tem
649 4859 950 4916 multitudo
980 4860 1169 4932 populi
1209 4861 1304 4932 qui
1341 4863 1495 4934 quasi
1524 4863 1592 4919 ad
1622 4867 1990 4936 spectaculum
2020 4867 2087 4922 de

490 4952 724 5011 diversis
753 4952 1000 5026 partibus
1027 4969 1096 5008 ex
1115 4951 1326 5008 villulis
1350 4963 1722 5011 convenerant
1741 4962 1796 5013 et
1813 4954 1970 5027 vicis,
1995 4964 2088 5014 ta-

562 5062 586 5124 _'
625 5053 797 5109 Addit
837 5052 1094 5121 Lovetus,
1117 5059 1237 5124 post
1263 5053 1551 5110 meridiem.

561 5121 587 5204 ξ
622 5125 893 5204 limatus,
923 5126 972 5182 7.

617 5197 720 5278 bis.
753 5198 808 5253 S.
838 5197 986 5278 aiax.
1037 5197 1231 5278 Thura?
1260 5195 1578 5278 transposito
1609 5197 1762 5255 vado.
1803 5199 2088 5278 Massonns

492 5269 690 5350 extrita
702 5269 1011 5350 ms:_TIiare
1040 5275 1325 5349 transacto,
1349 5271 1505 5350 unde.
1534 5269 1634 5350 bov
1649 5279 1768 5326 etus
1787 5270 1862 5326 ait
1885 5272 1940 5326 in
1964 5273 2088 5328 vico

494 5339 743 5420 Minitroy
763 5340 995 5420 Tharam
1020 5340 1280 5396 transisse
1295 5359 1313 5420 ;_
1326 5341 1482 5420 cerni
1495 5341 1797 5398 etiamnum
1818 5345 1875 5398 in
1900 5352 2085 5399 monte

494 5411 670 5486 Millio
699 5413 951 5468 semitam
983 5429 1074 5483 per
1102 5428 1264 5486 quam
1303 5413 1394 5467 ille
1422 5428 1578 5484 caput
1606 5422 1821 5485 gestans
1845 5415 2086 5481 incessit,

493 5488 548 5536 et
574 5485 792 5538 Roseam
820 5485 1125 5558 appellari,
1145 5486 1262 5541 sive
1282 5486 1541 5558 Boselum,
1578 5486 1629 5540 la
1659 5487 1890 5558 Rosiére,
1923 5487 2088 5558 inque

493 5566 559 5606 ea
587 5567 734 5629 rosas
764 5556 910 5610 nasci
955 5557 1175 5612 miriﬁci
1227 5556 1459 5624 ruboris,
1509 5560 1696 5629 quales
1741 5557 1929 5613 eadem
1978 5556 2090 5612 alio

495 5623 892 5701 transplantata
920 5635 1098 5699 roseta
1126 5644 1236 5684 non
1265 5623 1450 5701 ferunt
1484 5647 1494 5684 :
1525 5623 1654 5701 'etsi
1689 5646 1820 5684 vero
1849 5644 2005 5701 asper
2034 5635 2089 5685 et

494 5707 733 5764 praeceps
762 5695 832 5752 ad
862 5695 1002 5752 latus
1031 5714 1203 5755 unum
1233 5699 1306 5754 sit
1345 5715 1502 5756 mons
1542 5699 1771 5769 Millius,
1803 5695 2086 5774 nunquam

2267 3250 2354 3308 25.
2388 3251 2529 3306 Ecce
2559 3249 2774 3316 fratres,
2805 3248 2906 3304 etsi
2929 3253 3227 3321 purpurata
3255 3252 3337 3302 est
3362 3243 3621 3300 universa
3649 3251 3795 3299 terra

2197 3340 2461 3412 sanguine
2485 3346 2812 3409 martyrum,
2845 3344 3146 3411 purpurata
3165 3343 3246 3392 est
3265 3335 3466 3390 civitas
3495 3341 3680 3387 nostra
3697 3331 3793 3386 ho-

2198 3444 2318 3484 rum
2349 3443 2563 3495 cruore,
2609 3425 2811 3484 Christi
2864 3442 3105 3498 respersa
3151 3423 3434 3496 sanguine.
3485 3421 3601 3477 Etsi
3637 3421 3796 3476 ﬂoret

2196 3519 2394 3573 caelum
2444 3516 2665 3572 coronis
2713 3523 3041 3586 martyrum,
3089 3514 3248 3570 ﬂoret
3301 3521 3356 3568 et
3399 3522 3583 3568 nostra
3627 3510 3796 3564 tellus

2197 3606 2429 3664 istorum
2458 3607 2713 3663 decorata
2761 3605 3082 3662 virtutibus.
3144 3604 3361 3660 Ornataa
3393 3609 3522 3658 sunt
3567 3600 3794 3672 reliquae

2197 3697 2441 3754 ecclesiae
2469 3697 2751 3752 memoriis
2783 3703 3114 3768 martyrum,
3146 3704 3338 3750 ornata
3356 3701 3438 3749 est
3462 3693 3564 3748 ista
3593 3691 3792 3746 horum

2197 3783 2514 3856 triumphis,
2547 3792 2602 3840 et
2649 3791 2965 3842 consecrata
3019 3783 3290 3858 reliquiis.
3350 3782 3617 3855 Insignita
3662 3788 3791 3837 sunt

2197 3884 2444 3946 tempora
2495 3875 2764 3931 natalitiis
2811 3882 3141 3947 martyrum,
3193 3873 3458 3946 insignita
3500 3879 3581 3928 est
3610 3879 3663 3927 et
3697 3870 3796 3927 ho-

2197 3965 2389 4023 dierna
2433 3965 2726 4033 festivitas,
2761 3981 2867 4039 qua
2923 3965 3230 4021 celebratur
3272 3978 3460 4018 eorum
3497 3961 3695 4016 natalis
3729 3961 3799 4017 de

2197 4056 2513 4114 ascensione
2543 4056 2788 4129 ipsorum
2819 4053 2886 4111 ad
2915 4053 3101 4111 cmlos.
3127 4051 3491 4111 Crebrescunt
3519 4058 3570 4106 et
3602 4050 3696 4106 hic
3726 4050 3797 4105 ad

2196 4162 2384 4204 eorum
2419 4145 2696 4201 tumulum
2733 4143 2969 4215 insignia
2999 4145 3272 4198 virtutum
3293 4148 3347 4196 et
3367 4139 3668 4196 exuberant
3697 4139 3797 4196 be-

2197 4235 2392 4294 neﬁcia
2421 4235 2716 4292 sanitatum
2742 4251 2754 4290 :
2789 4231 2978 4305 aegroti
3012 4233 3246 4288 veniunt
3271 4239 3328 4287 et
3356 4237 3637 4296 sanantur,
3659 4229 3799 4286 caeci

2198 4325 2609 4394 illuminantur,
2640 4323 2824 4381 claudi
2851 4330 3140 4391 curantur,
3171 4321 3355 4377 vexati
3385 4337 3416 4376 a
3444 4317 3805 4376 daemonibus

2197 4417 2503 4474 liberantur
2523 4435 2536 4474 :
2555 4425 2610 4473 et
2638 4413 2785 4489 quod
2809 4413 2984 4485 majus
3007 4422 3108 4480 est,
3140 4411 3387 4468 ﬁdelium
3418 4407 3802 4466 exaudiuntnr

2195 4526 2399 4583 preces,
2431 4507 2809 4580 suscipiuntur
2836 4513 2983 4571 vota,
3009 4513 3355 4577 peccatorum
3381 4501 3602 4558 vincula
3619 4501 3799 4554 resol-

2197 4606 2426 4667 uuntur,
2459 4599 2703 4671 aperitur
2737 4596 2935 4653 coelum
2962 4593 3345 4668 pulsantibus:
3380 4591 3599 4664 praemia
3629 4605 3804 4647 asse—

2195 4695 2443 4763 quuntur
2463 4685 2743 4743 Ecclesiae.
2777 4684 2935 4741 Felix
2957 4683 3207 4740 mimium
3229 4690 3282 4738 et
3299 4685 3410 4738 Deo
3430 4689 3574 4753 grata
3602 4677 3802 4736 beato.

2196 4795 2318 4835 rum
2351 4785 2652 4850 martyrum
2693 4777 2944 4844 societas,
2977 4792 3211 4848 quorum
3255 4789 3326 4830 ex
3370 4770 3646 4830 consortio
3693 4786 3802 4827 an-

2196 4869 2441 4942 gelorum
2471 4866 2628 4924 chori
2678 4867 3026 4938 gratulantur
3072 4867 3130 4921 in
3173 4863 3348 4931 ccelis,
3402 4860 3610 4918 meritis
3657 4876 3806 4917 vero

2195 4973 2386 5015 eorum
2416 4963 2470 5013 et
2499 4955 2753 5030 precibus
2794 4954 3042 5012 omnium
3093 4951 3341 5008 ﬁdelium
3389 4951 3553 5022 digna
3594 4948 3806 5020 petitio

2195 5065 2377 5114 tamen
2435 5072 2505 5112 ex
2569 5072 2792 5112 currum
2853 5068 3275 5111 carrucarumve
3322 5051 3477 5123 lapsu
3531 5047 3804 5123 cuiquam

2197 5145 2485 5197 equorum,
2522 5127 2663 5195 vini,
2699 5128 2846 5183 reive
2885 5125 3112 5182 alterius
3136 5121 3409 5195 jacturam
3443 5121 3800 5190 contigisse:

2198 5197 2362 5274 idque
2391 5201 2554 5256 etiam
2594 5199 2891 5267 hureticos,
2933 5197 3024 5270 qui
3057 5197 3268 5274 cultum
3307 5201 3630 5274 aversantur
3661 5208 3807 5247 san-

2197 5265 2435 5339 ctorum,
2464 5287 2730 5343 opemque
2760 5265 2965 5341 negant
2991 5285 3080 5324 eos
3109 5267 3250 5343 ferre
3293 5265 3642 5343 mortalibus,
3687 5281 3805 5343 sg-

2199 5335 2516 5418 penumero'
2541 5358 2598 5398 se
2626 5335 2806 5397 coram
2832 5335 2953 5418 esse
2985 5340 3292 5418 confessos,
3325 5353 3579 5392 carrucas
3623 5335 3806 5391 isthic

2201 5411 2326 5472 suas
2356 5429 2828 5486 eversas.perque
2856 5413 3072 5486 delcive
3103 5411 3394 5486 devolutas
3441 5424 3576 5474 esse,
3608 5422 3667 5461 se
3707 5415 3806 5486 ta_—

2199 5503 2325 5543 men
2355 5503 2480 5543 cum
2513 5487 2570 5540 in
2603 5476 2712 5540 iina
2737 5476 3170 5550 descendissent,
3205 5491 3257 5538 et
3284 5481 3480 5537 vinum
3501 5493 3666 5538 omne
3685 5476 3805 5533 sal-

2198 5576 2356 5631 vum,
2390 5567 2444 5614 et
2462 5573 2635 5631 equos,
2655 5556 2968 5631 incolumes
2999 5555 3282 5631 reperisse.

2272 5630 2298 5668 ⁶
2327 5624 2545 5702 Agones
2564 5629 2692 5688 MM.
2728 5628 2843 5686 Viri
2869 5634 3042 5685 autem
3059 5624 3172 5684 'loci
3200 5624 3373 5682 illius.
