  <div class='ocr_page' id='page_1' title='image "/cluster/home/n/w/nwhite01/storage/ocr_20150623/124/hvd.32044054759865/568.png"; bbox 0 0 4056 6190; ppageno 0'>
   <div class='ocr_carea' id='block_1_1' title="bbox 235 375 376 432">
    <p class='ocr_par' dir='ltr' id='par_1_1' title="bbox 235 375 376 432">
     <span class='ocr_line' id='line_1_1' title="bbox 235 375 376 432; baseline 0.021 -3"><span class='ocrx_word' id='word_1_1' title='bbox 235 375 376 432; x_wconf 77' lang='lat'>“25</span> 
     </span>
    </p>
   </div>
   <div class='ocr_carea' id='block_1_2' title="bbox 1717 375 2056 435">
    <p class='ocr_par' dir='ltr' id='par_1_2' title="bbox 1717 375 2056 435">
     <span class='ocr_line' id='line_1_2' title="bbox 1717 375 2056 435; baseline 0.015 -5"><span class='ocrx_word' id='word_1_2' title='bbox 1717 375 2056 435; x_wconf 84' lang='lat' dir='ltr'>CANONES.</span> 
     </span>
    </p>
   </div>
   <div class='ocr_carea' id='block_1_3' title="bbox 3398 389 3533 447">
    <p class='ocr_par' dir='ltr' id='par_1_3' title="bbox 3398 389 3533 447">
     <span class='ocr_line' id='line_1_3' title="bbox 3398 389 3533 447; baseline 0.022 -3"><span class='ocrx_word' id='word_1_3' title='bbox 3398 391 3418 444; x_wconf 55' lang='grc' dir='ltr'><strong>Ἰ</strong></span> <span class='ocrx_word' id='word_1_4' title='bbox 3432 389 3533 447; x_wconf 78' lang='grc'>126</span> 
     </span>
    </p>
   </div>
   <div class='ocr_carea' id='block_1_4' title="bbox 229 524 3530 606">
    <p class='ocr_par' dir='ltr' id='par_1_4' title="bbox 229 524 3530 606">
     <span class='ocr_line' id='line_1_4' title="bbox 229 524 3530 606; baseline 0.003 -24"><span class='ocrx_word' id='word_1_5' title='bbox 229 532 524 599; x_wconf 73' lang='lat' dir='ltr'>praestatur</span> <span class='ocrx_word' id='word_1_6' title='bbox 559 524 615 579; x_wconf 90' lang='lat' dir='ltr'>in</span> <span class='ocrx_word' id='word_1_7' title='bbox 644 524 823 593; x_wconf 88' lang='lat' dir='ltr'>terris,</span> <span class='ocrx_word' id='word_1_8' title='bbox 852 532 1141 597; x_wconf 85' lang='lat' dir='ltr'>praestante</span> <span class='ocrx_word' id='word_1_9' title='bbox 1184 527 1420 582; x_wconf 91' lang='lat' dir='ltr'>Domino</span> <span class='ocrx_word' id='word_1_10' title='bbox 1469 528 1660 581; x_wconf 90' lang='lat' dir='ltr'>nostro</span> <span class='ocrx_word' id='word_1_11' title='bbox 1705 526 1831 582; x_wconf 89' lang='lat' dir='ltr'>Jesu</span> <span class='ocrx_word' id='word_1_12' title='bbox 1855 535 1905 592; x_wconf 85' lang='grc' dir='ltr'><strong>Α</strong></span> <span class='ocrx_word' id='word_1_13' title='bbox 1933 529 2078 584; x_wconf 92' lang='lat' dir='ltr'>vivit</span> <span class='ocrx_word' id='word_1_14' title='bbox 2104 536 2156 584; x_wconf 88' lang='lat' dir='ltr'>et</span> <span class='ocrx_word' id='word_1_15' title='bbox 2185 537 2371 602; x_wconf 89' lang='lat' dir='ltr'>regnat</span> <span class='ocrx_word' id='word_1_16' title='bbox 2405 547 2500 602; x_wconf 88' lang='lat' dir='ltr'>per</span> <span class='ocrx_word' id='word_1_17' title='bbox 2545 531 2883 588; x_wconf 78' lang='lat' dir='ltr'>immortalia</span> <span class='ocrx_word' id='word_1_18' title='bbox 2929 534 3133 589; x_wconf 76' lang='lat' dir='ltr'>saecula</span> <span class='ocrx_word' id='word_1_19' title='bbox 3177 537 3530 606; x_wconf 68' lang='lat' dir='ltr'>saeculorum,</span> 
     </span>
    </p>
   </div>
   <div class='ocr_carea' id='block_1_5' title="bbox 227 615 1830 689">
    <p class='ocr_par' dir='ltr' id='par_1_5' title="bbox 227 615 1830 689">
     <span class='ocr_line' id='line_1_5' title="bbox 227 615 1830 689; baseline 0 -16"><span class='ocrx_word' id='word_1_20' title='bbox 227 617 479 686; x_wconf 78' lang='lat' dir='ltr'>Christo,</span> <span class='ocrx_word' id='word_1_21' title='bbox 508 616 756 689; x_wconf 89' lang='lat' dir='ltr'>quicum</span> <span class='ocrx_word' id='word_1_22' title='bbox 787 626 1059 674; x_wconf 66' lang='lat' dir='ltr'>coeterno</span> <span class='ocrx_word' id='word_1_23' title='bbox 1093 617 1248 673; x_wconf 81' lang='lat' dir='ltr'>Patre</span> <span class='ocrx_word' id='word_1_24' title='bbox 1295 634 1358 674; x_wconf 92' lang='lat' dir='ltr'>ac</span> <span class='ocrx_word' id='word_1_25' title='bbox 1398 615 1607 688; x_wconf 77' lang='lat' dir='ltr'>Spiritu</span> <span class='ocrx_word' id='word_1_26' title='bbox 1642 625 1830 674; x_wconf 91' lang='lat' dir='ltr'>sancto</span> 
     </span>
    </p>
   </div>
   <div class='ocr_carea' id='block_1_6' title="bbox 1940 621 2136 673">
    <p class='ocr_par' dir='ltr' id='par_1_6' title="bbox 1940 621 2136 673">
     <span class='ocr_line' id='line_1_6' title="bbox 1940 621 2136 673; baseline -0.005 0"><span class='ocrx_word' id='word_1_27' title='bbox 1940 621 2136 673; x_wconf 86' lang='lat' dir='ltr'>Amen.</span> 
     </span>
    </p>
   </div>
   <div class='ocr_carea' id='block_1_7' title="bbox 2123 780 2694 792">
    <p class='ocr_par' dir='ltr' id='par_1_7' title="bbox 2123 780 2694 792">
     <span class='ocr_line' id='line_1_7' title="bbox 2123 780 2694 792; baseline 0 -2"><span class='ocrx_word' id='word_1_28' title='bbox 2123 780 2694 792; x_wconf 66' lang='lat'>——————_——_</span> 
     </span>
    </p>
   </div>
   <div class='ocr_carea' id='block_1_8' title="bbox 1171 942 2589 1054">
    <p class='ocr_par' dir='ltr' id='par_1_8' title="bbox 1171 942 2589 1054">
     <span class='ocr_line' id='line_1_8' title="bbox 1171 942 2589 1054; baseline -0.001 0"><span class='ocrx_word' id='word_1_29' title='bbox 1171 944 1850 1054; x_wconf 89' lang='lat' dir='ltr'>CANONES</span> <span class='ocrx_word' id='word_1_30' title='bbox 1943 942 2589 1053; x_wconf 81' lang='lat' dir='ltr'>ORDONIS</span> 
     </span>
    </p>
   </div>
   <div class='ocr_carea' id='block_1_9' title="bbox 1357 1141 2418 1224">
    <p class='ocr_par' dir='ltr' id='par_1_9' title="bbox 1357 1141 2418 1224">
     <span class='ocr_line' id='line_1_9' title="bbox 1357 1141 2418 1224; baseline -0.002 -17"><span class='ocrx_word' id='word_1_31' title='bbox 1357 1146 1432 1207; x_wconf 84' lang='lat' dir='ltr'>In</span> <span class='ocrx_word' id='word_1_32' title='bbox 1475 1144 1723 1224; x_wconf 81' lang='lat' dir='ltr'>synodo</span> <span class='ocrx_word' id='word_1_33' title='bbox 1767 1141 2227 1222; x_wconf 75' lang='lat' dir='ltr'>Pontigonensi</span> <span class='ocrx_word' id='word_1_34' title='bbox 2266 1141 2418 1208; x_wconf 75' lang='lat' dir='ltr'>editi</span> 
     </span>
    </p>
   </div>
   <div class='ocr_carea' id='block_1_10' title="bbox 1072 1265 2680 1340">
    <p class='ocr_par' dir='ltr' id='par_1_10' title="bbox 1072 1265 2680 1340">
     <span class='ocr_line' id='line_1_10' title="bbox 1072 1265 2680 1340; baseline -0.001 -15"><span class='ocrx_word' id='word_1_35' title='bbox 1072 1266 1255 1340; x_wconf 88' lang='lat' dir='ltr'>(Apud</span> <span class='ocrx_word' id='word_1_36' title='bbox 1295 1265 1620 1334; x_wconf 89' lang='lat' dir='ltr'>Babuzium,</span> <span class='ocrx_word' id='word_1_37' title='bbox 1662 1265 2037 1338; x_wconf 88' lang='lat' dir='ltr'>Capituarium</span> <span class='ocrx_word' id='word_1_38' title='bbox 2079 1275 2211 1322; x_wconf 89' lang='lat' dir='ltr'>tom.</span> <span class='ocrx_word' id='word_1_39' title='bbox 2257 1268 2324 1334; x_wconf 87' lang='lat' dir='ltr'>II,</span> <span class='ocrx_word' id='word_1_40' title='bbox 2370 1283 2512 1338; x_wconf 87' lang='lat' dir='ltr'>pag..</span> <span class='ocrx_word' id='word_1_41' title='bbox 2558 1265 2680 1323; x_wconf 76' lang='grc'>245.</span> 
     </span>
    </p>
   </div>
   <div class='ocr_carea' id='block_1_11' title="bbox 294 1540 1819 1614">
    <p class='ocr_par' dir='ltr' id='par_1_11' title="bbox 294 1540 1819 1614">
     <span class='ocr_line' id='line_1_11' title="bbox 294 1540 1819 1614; baseline -0.001 -15"><span class='ocrx_word' id='word_1_42' title='bbox 294 1544 494 1600; x_wconf 88' lang='lat' dir='ltr'>Sancta</span> <span class='ocrx_word' id='word_1_43' title='bbox 514 1540 759 1612; x_wconf 86' lang='lat' dir='ltr'>synodus</span> <span class='ocrx_word' id='word_1_44' title='bbox 785 1557 904 1614; x_wconf 77' lang='lat' dir='ltr'>quae</span> <span class='ocrx_word' id='word_1_45' title='bbox 935 1541 990 1597; x_wconf 93' lang='lat' dir='ltr'>in</span> <span class='ocrx_word' id='word_1_46' title='bbox 1021 1541 1244 1597; x_wconf 87' lang='lat' dir='ltr'>nomine</span> <span class='ocrx_word' id='word_1_47' title='bbox 1263 1541 1506 1610; x_wconf 87' lang='lat' dir='ltr'>Domini,</span> <span class='ocrx_word' id='word_1_48' title='bbox 1533 1542 1819 1600; x_wconf 88' lang='lat' dir='ltr'>vocatione</span> 
     </span>
    </p>
   </div>
   <div class='ocr_carea' id='block_1_12' title="bbox 223 1633 1814 1706">
    <p class='ocr_par' dir='ltr' id='par_1_12' title="bbox 223 1633 1814 1706">
     <span class='ocr_line' id='line_1_12' title="bbox 223 1633 1814 1706; baseline -0.001 -14"><span class='ocrx_word' id='word_1_49' title='bbox 223 1634 420 1692; x_wconf 89' lang='lat' dir='ltr'>domui</span> <span class='ocrx_word' id='word_1_50' title='bbox 454 1634 681 1690; x_wconf 87' lang='lat' dir='ltr'>Joannis</span> <span class='ocrx_word' id='word_1_51' title='bbox 708 1643 791 1690; x_wconf 84' lang='lat' dir='ltr'>ter</span> <span class='ocrx_word' id='word_1_52' title='bbox 821 1633 1121 1690; x_wconf 89' lang='lat' dir='ltr'>beatissimi</span> <span class='ocrx_word' id='word_1_53' title='bbox 1168 1651 1231 1690; x_wconf 93' lang='lat' dir='ltr'>ac</span> <span class='ocrx_word' id='word_1_54' title='bbox 1271 1635 1601 1691; x_wconf 83' lang='lat' dir='ltr'>universalis</span> <span class='ocrx_word' id='word_1_55' title='bbox 1645 1651 1814 1706; x_wconf 65' lang='lat' dir='ltr'>papae,</span> 
     </span>
    </p>
   </div>
   <div class='ocr_carea' id='block_1_13' title="bbox 217 1723 1821 1796">
    <p class='ocr_par' dir='ltr' id='par_1_13' title="bbox 217 1723 1821 1796">
     <span class='ocr_line' id='line_1_13' title="bbox 217 1723 1821 1796; baseline -0.002 -15"><span class='ocrx_word' id='word_1_56' title='bbox 217 1735 274 1781; x_wconf 92' lang='lat' dir='ltr'>et</span> <span class='ocrx_word' id='word_1_57' title='bbox 292 1723 540 1796; x_wconf 90' lang='lat' dir='ltr'>jussione</span> <span class='ocrx_word' id='word_1_58' title='bbox 572 1723 762 1779; x_wconf 87' lang='lat' dir='ltr'>domui</span> <span class='ocrx_word' id='word_1_59' title='bbox 792 1723 973 1782; x_wconf 86' lang='lat' dir='ltr'>Caroli</span> <span class='ocrx_word' id='word_1_60' title='bbox 1005 1732 1266 1796; x_wconf 90' lang='lat' dir='ltr'>perpetuo</span> <span class='ocrx_word' id='word_1_61' title='bbox 1296 1724 1552 1796; x_wconf 80' lang='lat' dir='ltr'>Augusti,</span> <span class='ocrx_word' id='word_1_62' title='bbox 1584 1741 1821 1795; x_wconf 85' lang='lat' dir='ltr'>congre—</span> 
     </span>
    </p>
   </div>
   <div class='ocr_carea' id='block_1_14' title="bbox 218 1813 1820 1886">
    <p class='ocr_par' dir='ltr' id='par_1_14' title="bbox 218 1813 1820 1886">
     <span class='ocr_line' id='line_1_14' title="bbox 218 1813 1820 1886; baseline 0 -18"><span class='ocrx_word' id='word_1_63' title='bbox 218 1823 342 1885; x_wconf 84' lang='lat' dir='ltr'>gata</span> <span class='ocrx_word' id='word_1_64' title='bbox 371 1822 452 1870; x_wconf 91' lang='lat' dir='ltr'>est</span> <span class='ocrx_word' id='word_1_65' title='bbox 486 1815 542 1869; x_wconf 93' lang='lat' dir='ltr'>in</span> <span class='ocrx_word' id='word_1_66' title='bbox 575 1814 695 1869; x_wconf 91' lang='lat' dir='ltr'>loco</span> <span class='ocrx_word' id='word_1_67' title='bbox 720 1813 814 1886; x_wconf 89' lang='lat' dir='ltr'>qui</span> <span class='ocrx_word' id='word_1_68' title='bbox 845 1821 1072 1869; x_wconf 84' lang='lat' dir='ltr'>vocatur</span> <span class='ocrx_word' id='word_1_69' title='bbox 1101 1814 1442 1886; x_wconf 89' lang='lat' dir='ltr'>Pontigonis,</span> <span class='ocrx_word' id='word_1_70' title='bbox 1475 1829 1620 1868; x_wconf 90' lang='lat' dir='ltr'>anno</span> <span class='ocrx_word' id='word_1_71' title='bbox 1642 1815 1820 1869; x_wconf 87' lang='lat' dir='ltr'>lucar-</span> 
     </span>
    </p>
   </div>
   <div class='ocr_carea' id='block_1_15' title="bbox 216 1899 1818 1976">
    <p class='ocr_par' dir='ltr' id='par_1_15' title="bbox 216 1899 1818 1976">
     <span class='ocr_line' id='line_1_15' title="bbox 216 1899 1818 1976; baseline -0.002 -17"><span class='ocrx_word' id='word_1_72' title='bbox 216 1903 464 1960; x_wconf 83' lang='lat' dir='ltr'>nationis</span> <span class='ocrx_word' id='word_1_73' title='bbox 493 1903 798 1960; x_wconf 64' lang='lat' dir='ltr'>Dominicaz</span> <span class='ocrx_word' id='word_1_74' title='bbox 831 1903 956 1970; x_wconf 87' lang='lat'>876,</span> <span class='ocrx_word' id='word_1_75' title='bbox 981 1903 1286 1960; x_wconf 83' lang='lat' dir='ltr'>indictione</span> <span class='ocrx_word' id='word_1_76' title='bbox 1315 1921 1393 1971; x_wconf 86' lang='lat' dir='ltr'>ix,</span> <span class='ocrx_word' id='word_1_77' title='bbox 1425 1903 1576 1976; x_wconf 84' lang='lat' dir='ltr'>regni</span> <span class='ocrx_word' id='word_1_78' title='bbox 1607 1899 1818 1974; x_wconf 59' lang='lat' dir='ltr'>praefati</span> 
     </span>
    </p>
   </div>
   <div class='ocr_carea' id='block_1_16' title="bbox 1928 1540 3528 1612">
    <p class='ocr_par' dir='ltr' id='par_1_16' title="bbox 1928 1540 3528 1612">
     <span class='ocr_line' id='line_1_16' title="bbox 1928 1540 3528 1612; baseline 0.004 -16"><span class='ocrx_word' id='word_1_79' title='bbox 1928 1540 2184 1612; x_wconf 82' lang='lat' dir='ltr'>Augusti,</span> <span class='ocrx_word' id='word_1_80' title='bbox 2216 1548 2394 1598; x_wconf 85' lang='lat' dir='ltr'>tactus</span> <span class='ocrx_word' id='word_1_81' title='bbox 2443 1541 2632 1597; x_wconf 92' lang='lat' dir='ltr'>dolore</span> <span class='ocrx_word' id='word_1_82' title='bbox 2680 1543 2880 1612; x_wconf 91' lang='lat' dir='ltr'>cordis,</span> <span class='ocrx_word' id='word_1_83' title='bbox 2938 1544 3264 1601; x_wconf 86' lang='lat' dir='ltr'>acceleravit</span> <span class='ocrx_word' id='word_1_84' title='bbox 3308 1545 3528 1603; x_wconf 88' lang='lat' dir='ltr'>mittere</span> 
     </span>
    </p>
   </div>
   <div class='ocr_carea' id='block_1_17' title="bbox 1930 1631 3527 1702">
    <p class='ocr_par' dir='ltr' id='par_1_17' title="bbox 1930 1631 3527 1702">
     <span class='ocr_line' id='line_1_17' title="bbox 1930 1631 3527 1702; baseline 0.004 -17"><span class='ocrx_word' id='word_1_85' title='bbox 1930 1631 2124 1686; x_wconf 65' lang='lat' dir='ltr'>missos</span> <span class='ocrx_word' id='word_1_86' title='bbox 2153 1649 2299 1701; x_wconf 92' lang='lat' dir='ltr'>suos,</span> <span class='ocrx_word' id='word_1_87' title='bbox 2331 1632 2593 1688; x_wconf 87' lang='lat' dir='ltr'>Joannem</span> <span class='ocrx_word' id='word_1_88' title='bbox 2633 1632 2892 1689; x_wconf 89' lang='lat' dir='ltr'>videlicet</span> <span class='ocrx_word' id='word_1_89' title='bbox 2912 1641 2965 1689; x_wconf 93' lang='lat' dir='ltr'>et</span> <span class='ocrx_word' id='word_1_90' title='bbox 2984 1633 3273 1702; x_wconf 90' lang='lat' dir='ltr'>Joannem,</span> <span class='ocrx_word' id='word_1_91' title='bbox 3303 1650 3527 1692; x_wconf 88' lang='lat' dir='ltr'>venera-</span> 
     </span>
    </p>
   </div>
   <div class='ocr_carea' id='block_1_18' title="bbox 1927 1723 3526 1796">
    <p class='ocr_par' dir='ltr' id='par_1_18' title="bbox 1927 1723 3526 1796">
     <span class='ocr_line' id='line_1_18' title="bbox 1927 1723 3526 1796; baseline 0.003 -18"><span class='ocrx_word' id='word_1_92' title='bbox 1927 1723 2066 1779; x_wconf 89' lang='lat' dir='ltr'>biles</span> <span class='ocrx_word' id='word_1_93' title='bbox 2092 1723 2392 1794; x_wconf 87' lang='lat' dir='ltr'>episcopos,</span> <span class='ocrx_word' id='word_1_94' title='bbox 2425 1741 2548 1780; x_wconf 90' lang='lat' dir='ltr'>cum</span> <span class='ocrx_word' id='word_1_95' title='bbox 2581 1724 2706 1780; x_wconf 90' lang='lat' dir='ltr'>aliis</span> <span class='ocrx_word' id='word_1_96' title='bbox 2734 1725 2848 1780; x_wconf 89' lang='lat' dir='ltr'><strong>suis</strong></span> <span class='ocrx_word' id='word_1_97' title='bbox 2876 1725 3142 1796; x_wconf 85' lang='lat' dir='ltr'>epistolis,</span> <span class='ocrx_word' id='word_1_98' title='bbox 3179 1725 3371 1782; x_wconf 84' lang='lat' dir='ltr'>volens</span> <span class='ocrx_word' id='word_1_99' title='bbox 3401 1743 3526 1782; x_wconf 91' lang='lat' dir='ltr'>eum</span> 
     </span>
    </p>
   </div>
   <div class='ocr_carea' id='block_1_19' title="bbox 1930 1812 3528 1885">
    <p class='ocr_par' dir='ltr' id='par_1_19' title="bbox 1930 1812 3528 1885">
     <span class='ocr_line' id='line_1_19' title="bbox 1930 1812 3528 1885; baseline 0.004 -20"><span class='ocrx_word' id='word_1_100' title='bbox 1930 1827 2153 1866; x_wconf 89' lang='lat' dir='ltr'>monere</span> <span class='ocrx_word' id='word_1_101' title='bbox 2183 1819 2243 1867; x_wconf 90' lang='lat' dir='ltr'>ut</span> <span class='ocrx_word' id='word_1_102' title='bbox 2269 1828 2299 1866; x_wconf 92' lang='lat' dir='ltr'>a</span> <span class='ocrx_word' id='word_1_103' title='bbox 2331 1819 2484 1867; x_wconf 90' lang='lat' dir='ltr'>tanto</span> <span class='ocrx_word' id='word_1_104' title='bbox 2526 1813 2667 1868; x_wconf 89' lang='lat' dir='ltr'>malo</span> <span class='ocrx_word' id='word_1_105' title='bbox 2708 1813 3110 1885; x_wconf 80' lang='lat' dir='ltr'>paenitudinem</span> <span class='ocrx_word' id='word_1_106' title='bbox 3139 1812 3206 1868; x_wconf 91' lang='lat' dir='ltr'>de</span> <span class='ocrx_word' id='word_1_107' title='bbox 3237 1815 3528 1885; x_wconf 85' lang='lat' dir='ltr'>praeteritis</span> 
     </span>
    </p>
   </div>
   <div class='ocr_carea' id='block_1_20' title="bbox 1929 1902 3525 1976">
    <p class='ocr_par' dir='ltr' id='par_1_20' title="bbox 1929 1902 3525 1976">
     <span class='ocr_line' id='line_1_20' title="bbox 1929 1902 3525 1976; baseline 0.003 -21"><span class='ocrx_word' id='word_1_108' title='bbox 1929 1911 2128 1972; x_wconf 88' lang='lat' dir='ltr'>ageret,</span> <span class='ocrx_word' id='word_1_109' title='bbox 2162 1912 2216 1958; x_wconf 91' lang='lat' dir='ltr'>et</span> <span class='ocrx_word' id='word_1_110' title='bbox 2245 1902 2463 1959; x_wconf 89' lang='lat' dir='ltr'>tandem</span> <span class='ocrx_word' id='word_1_111' title='bbox 2496 1905 2794 1960; x_wconf 90' lang='lat' dir='ltr'>fraternum</span> <span class='ocrx_word' id='word_1_112' title='bbox 2829 1921 3052 1976; x_wconf 82' lang='lat' dir='ltr'>regnum</span> <span class='ocrx_word' id='word_1_113' title='bbox 3101 1904 3358 1961; x_wconf 87' lang='lat' dir='ltr'>invadere</span> <span class='ocrx_word' id='word_1_114' title='bbox 3388 1905 3525 1962; x_wconf 89' lang='lat' dir='ltr'>desi-</span> 
     </span>
    </p>
   </div>
   <div class='ocr_carea' id='block_1_21' title="bbox 214 1991 3526 2065">
    <p class='ocr_par' dir='ltr' id='par_1_21' title="bbox 214 1991 3526 2065">
     <span class='ocr_line' id='line_1_21' title="bbox 214 1991 3526 2065; baseline 0.001 -17"><span class='ocrx_word' id='word_1_115' title='bbox 214 1992 572 2050; x_wconf 85' lang='lat' dir='ltr'>invictissimi</span> <span class='ocrx_word' id='word_1_116' title='bbox 605 1993 952 2064; x_wconf 86' lang='lat' dir='ltr'>imperatoris</span> <span class='ocrx_word' id='word_1_117' title='bbox 1008 2010 1230 2061; x_wconf 80' lang='lat' dir='ltr'>xxxvu,</span> <span class='ocrx_word' id='word_1_118' title='bbox 1278 1993 1498 2065; x_wconf 92' lang='lat' dir='ltr'>imperii</span> <span class='ocrx_word' id='word_1_119' title='bbox 1548 2003 1728 2048; x_wconf 86' lang='lat' dir='ltr'>autem</span> <span class='ocrx_word' id='word_1_120' title='bbox 1781 2010 1816 2059; x_wconf 84' lang='grc' dir='ltr'>ι,</span> <span class='ocrx_word' id='word_1_121' title='bbox 1849 1994 1895 2053; x_wconf 91' lang='grc' dir='ltr'>Β</span> <span class='ocrx_word' id='word_1_122' title='bbox 1930 2001 2099 2045; x_wconf 91' lang='lat' dir='ltr'>neret.</span> <span class='ocrx_word' id='word_1_123' title='bbox 2130 1991 2373 2057; x_wconf 89' lang='lat' dir='ltr'>Quorum</span> <span class='ocrx_word' id='word_1_124' title='bbox 2399 1993 2725 2064; x_wconf 84' lang='lat' dir='ltr'>legationem</span> <span class='ocrx_word' id='word_1_125' title='bbox 2743 1994 2984 2052; x_wconf 90' lang='lat' dir='ltr'>secundo</span> <span class='ocrx_word' id='word_1_126' title='bbox 3001 1995 3374 2051; x_wconf 86' lang='lat' dir='ltr'>commonitus</span> <span class='ocrx_word' id='word_1_127' title='bbox 3403 2011 3526 2051; x_wconf 82' lang='lat' dir='ltr'>nec-</span> 
     </span>
    </p>
   </div>
   <div class='ocr_carea' id='block_1_22' title="bbox 214 2081 1813 2155">
    <p class='ocr_par' dir='ltr' id='par_1_22' title="bbox 214 2081 1813 2155">
     <span class='ocr_line' id='line_1_22' title="bbox 214 2081 1813 2155; baseline 0.001 -19"><span class='ocrx_word' id='word_1_128' title='bbox 214 2097 336 2138; x_wconf 82' lang='lat' dir='ltr'>xvii</span> <span class='ocrx_word' id='word_1_129' title='bbox 369 2083 646 2138; x_wconf 85' lang='lat' dir='ltr'>Kalendas</span> <span class='ocrx_word' id='word_1_130' title='bbox 675 2082 930 2154; x_wconf 85' lang='lat' dir='ltr'>Augusti,</span> <span class='ocrx_word' id='word_1_131' title='bbox 962 2081 1079 2140; x_wconf 74' lang='lat' dir='ltr'>haec</span> <span class='ocrx_word' id='word_1_132' title='bbox 1106 2082 1346 2155; x_wconf 89' lang='lat' dir='ltr'>capitula</span> <span class='ocrx_word' id='word_1_133' title='bbox 1374 2097 1494 2155; x_wconf 78' lang='lat' dir='ltr'>quae</span> <span class='ocrx_word' id='word_1_134' title='bbox 1514 2081 1701 2138; x_wconf 91' lang='lat' dir='ltr'>subter</span> <span class='ocrx_word' id='word_1_135' title='bbox 1721 2098 1813 2137; x_wconf 92' lang='lat' dir='ltr'>an-</span> 
     </span>
    </p>
   </div>
   <div class='ocr_carea' id='block_1_23' title="bbox 209 2172 809 2228">
    <p class='ocr_par' dir='ltr' id='par_1_23' title="bbox 209 2172 809 2228">
     <span class='ocr_line' id='line_1_23' title="bbox 209 2172 809 2228; baseline -0.002 0"><span class='ocrx_word' id='word_1_136' title='bbox 209 2186 357 2228; x_wconf 83' lang='lat' dir='ltr'>nexa</span> <span class='ocrx_word' id='word_1_137' title='bbox 387 2181 518 2228; x_wconf 88' lang='lat' dir='ltr'>suut</span> <span class='ocrx_word' id='word_1_138' title='bbox 548 2172 809 2227; x_wconf 82' lang='lat' dir='ltr'>instituit.</span> 
     </span>
    </p>
   </div>
   <div class='ocr_carea' id='block_1_24' title="bbox 909 2291 1117 2348">
    <p class='ocr_par' dir='ltr' id='par_1_24' title="bbox 909 2291 1117 2348">
     <span class='ocr_line' id='line_1_24' title="bbox 909 2291 1117 2348; baseline 0 0"><span class='ocrx_word' id='word_1_139' title='bbox 909 2291 1041 2348; x_wconf 86' lang='lat' dir='ltr'>CAP.</span> <span class='ocrx_word' id='word_1_140' title='bbox 1075 2292 1117 2348; x_wconf 94' lang='grc' dir='ltr'>Ι.</span> 
     </span>
    </p>
   </div>
   <div class='ocr_carea' id='block_1_25' title="bbox 284 2389 1811 2463">
    <p class='ocr_par' dir='ltr' id='par_1_25' title="bbox 284 2389 1811 2463">
     <span class='ocr_line' id='line_1_25' title="bbox 284 2389 1811 2463; baseline -0.001 -15"><span class='ocrx_word' id='word_1_141' title='bbox 284 2391 536 2448; x_wconf 90' lang='lat' dir='ltr'>Obeunte</span> <span class='ocrx_word' id='word_1_142' title='bbox 567 2389 866 2457; x_wconf 87' lang='lat' dir='ltr'>Ludovico,</span> <span class='ocrx_word' id='word_1_143' title='bbox 900 2391 994 2463; x_wconf 92' lang='lat' dir='ltr'>qui</span> <span class='ocrx_word' id='word_1_144' title='bbox 1026 2391 1259 2448; x_wconf 84' lang='lat' dir='ltr'>Romani</span> <span class='ocrx_word' id='word_1_145' title='bbox 1289 2390 1508 2463; x_wconf 89' lang='lat' dir='ltr'>imperii</span> <span class='ocrx_word' id='word_1_146' title='bbox 1542 2391 1666 2463; x_wconf 89' lang='lat' dir='ltr'>jura</span> <span class='ocrx_word' id='word_1_147' title='bbox 1715 2407 1811 2446; x_wconf 90' lang='lat' dir='ltr'>re-</span> 
     </span>
    </p>
   </div>
   <div class='ocr_carea' id='block_1_26' title="bbox 213 2480 1811 2554">
    <p class='ocr_par' dir='ltr' id='par_1_26' title="bbox 213 2480 1811 2554">
     <span class='ocr_line' id='line_1_26' title="bbox 213 2480 1811 2554; baseline -0.002 -17"><span class='ocrx_word' id='word_1_148' title='bbox 213 2480 398 2552; x_wconf 85' lang='lat' dir='ltr'>gebat,</span> <span class='ocrx_word' id='word_1_149' title='bbox 451 2480 689 2536; x_wconf 88' lang='lat' dir='ltr'>domnus</span> <span class='ocrx_word' id='word_1_150' title='bbox 733 2482 968 2538; x_wconf 87' lang='lat' dir='ltr'>Joannes</span> <span class='ocrx_word' id='word_1_151' title='bbox 1014 2489 1097 2536; x_wconf 90' lang='lat' dir='ltr'>ter</span> <span class='ocrx_word' id='word_1_152' title='bbox 1141 2480 1489 2537; x_wconf 83' lang='lat' dir='ltr'>beatissimus</span> <span class='ocrx_word' id='word_1_153' title='bbox 1535 2497 1671 2554; x_wconf 87' lang='lat' dir='ltr'>papa</span> <span class='ocrx_word' id='word_1_154' title='bbox 1715 2497 1811 2552; x_wconf 89' lang='lat' dir='ltr'>per</span> 
     </span>
    </p>
   </div>
   <div class='ocr_carea' id='block_1_27' title="bbox 210 2572 1804 2643">
    <p class='ocr_par' dir='ltr' id='par_1_27' title="bbox 210 2572 1804 2643">
     <span class='ocr_line' id='line_1_27' title="bbox 210 2572 1804 2643; baseline 0 -16"><span class='ocrx_word' id='word_1_155' title='bbox 210 2572 542 2629; x_wconf 90' lang='lat' dir='ltr'>Gadericum</span> <span class='ocrx_word' id='word_1_156' title='bbox 574 2574 1033 2643; x_wconf 81' lang='lat' dir='ltr'>Veliternensem,</span> <span class='ocrx_word' id='word_1_157' title='bbox 1065 2577 1384 2631; x_wconf 88' lang='lat' dir='ltr'>Formosum</span> <span class='ocrx_word' id='word_1_158' title='bbox 1428 2575 1804 2641; x_wconf 88' lang='lat' dir='ltr'>Portuensem,</span> 
     </span>
    </p>
   </div>
   <div class='ocr_carea' id='block_1_28' title="bbox 209 2661 1804 2736">
    <p class='ocr_par' dir='ltr' id='par_1_28' title="bbox 209 2661 1804 2736">
     <span class='ocr_line' id='line_1_28' title="bbox 209 2661 1804 2736; baseline 0 -20"><span class='ocrx_word' id='word_1_159' title='bbox 209 2661 477 2718; x_wconf 88' lang='lat' dir='ltr'>Joannem</span> <span class='ocrx_word' id='word_1_160' title='bbox 509 2664 820 2733; x_wconf 84' lang='lat' dir='ltr'>Aretinum,</span> <span class='ocrx_word' id='word_1_161' title='bbox 856 2665 1194 2720; x_wconf 86' lang='lat' dir='ltr'>venerabiles</span> <span class='ocrx_word' id='word_1_162' title='bbox 1217 2666 1520 2736; x_wconf 89' lang='lat' dir='ltr'>episcopos,</span> <span class='ocrx_word' id='word_1_163' title='bbox 1540 2663 1804 2718; x_wconf 91' lang='lat' dir='ltr'>domuum</span> 
     </span>
    </p>
   </div>
   <div class='ocr_carea' id='block_1_29' title="bbox 211 2751 1804 2827">
    <p class='ocr_par' dir='ltr' id='par_1_29' title="bbox 211 2751 1804 2827">
     <span class='ocr_line' id='line_1_29' title="bbox 211 2751 1804 2827; baseline -0.001 -18"><span class='ocrx_word' id='word_1_164' title='bbox 211 2751 471 2809; x_wconf 91' lang='lat' dir='ltr'>Carolum</span> <span class='ocrx_word' id='word_1_165' title='bbox 506 2763 636 2812; x_wconf 91' lang='lat' dir='ltr'>tunc</span> <span class='ocrx_word' id='word_1_166' title='bbox 671 2772 848 2827; x_wconf 81' lang='lat' dir='ltr'>regem</span> <span class='ocrx_word' id='word_1_167' title='bbox 885 2756 950 2810; x_wconf 89' lang='lat' dir='ltr'>ad</span> <span class='ocrx_word' id='word_1_168' title='bbox 985 2755 1178 2810; x_wconf 88' lang='lat' dir='ltr'>limina</span> <span class='ocrx_word' id='word_1_169' title='bbox 1207 2755 1488 2810; x_wconf 90' lang='lat' dir='ltr'>beatorum</span> <span class='ocrx_word' id='word_1_170' title='bbox 1519 2754 1804 2825; x_wconf 91' lang='lat' dir='ltr'>apostolo-</span> 
     </span>
    </p>
   </div>
   <div class='ocr_carea' id='block_1_30' title="bbox 208 2842 1802 2917">
    <p class='ocr_par' dir='ltr' id='par_1_30' title="bbox 208 2842 1802 2917">
     <span class='ocr_line' id='line_1_30' title="bbox 208 2842 1802 2917; baseline 0 -21"><span class='ocrx_word' id='word_1_171' title='bbox 208 2858 332 2897; x_wconf 92' lang='lat' dir='ltr'>rum</span> <span class='ocrx_word' id='word_1_172' title='bbox 364 2843 643 2912; x_wconf 86' lang='lat' dir='ltr'>invitavit,</span> <span class='ocrx_word' id='word_1_173' title='bbox 675 2861 911 2917; x_wconf 77' lang='lat' dir='ltr'>eumque</span> <span class='ocrx_word' id='word_1_174' title='bbox 940 2844 1200 2900; x_wconf 76' lang='lat' dir='ltr'>Ecclesiae</span> <span class='ocrx_word' id='word_1_175' title='bbox 1247 2845 1420 2914; x_wconf 88' lang='lat' dir='ltr'>ipsius</span> <span class='ocrx_word' id='word_1_176' title='bbox 1461 2842 1802 2899; x_wconf 88' lang='lat' dir='ltr'>defensorem</span> 
     </span>
    </p>
   </div>
   <div class='ocr_carea' id='block_1_31' title="bbox 208 2931 1800 3005">
    <p class='ocr_par' dir='ltr' id='par_1_31' title="bbox 208 2931 1800 3005">
     <span class='ocr_line' id='line_1_31' title="bbox 208 2931 1800 3005; baseline -0.001 -19"><span class='ocrx_word' id='word_1_177' title='bbox 208 2947 273 2988; x_wconf 88' lang='lat' dir='ltr'>ac</span> <span class='ocrx_word' id='word_1_178' title='bbox 303 2939 540 2987; x_wconf 87' lang='lat' dir='ltr'>tutorem</span> <span class='ocrx_word' id='word_1_179' title='bbox 563 2934 746 3004; x_wconf 79' lang='lat' dir='ltr'>elegit,</span> <span class='ocrx_word' id='word_1_180' title='bbox 773 2933 1155 3005; x_wconf 89' lang='lat' dir='ltr'>imperialique</span> <span class='ocrx_word' id='word_1_181' title='bbox 1170 2931 1478 2987; x_wconf 87' lang='lat' dir='ltr'>diademate</span> <span class='ocrx_word' id='word_1_182' title='bbox 1497 2931 1800 2997; x_wconf 83' lang='lat' dir='ltr'>coronavit,</span> 
     </span>
    </p>
   </div>
   <div class='ocr_carea' id='block_1_32' title="bbox 209 3019 1802 3094">
    <p class='ocr_par' dir='ltr' id='par_1_32' title="bbox 209 3019 1802 3094">
     <span class='ocr_line' id='line_1_32' title="bbox 209 3019 1802 3094; baseline -0.002 -18"><span class='ocrx_word' id='word_1_183' title='bbox 209 3037 336 3076; x_wconf 88' lang='lat' dir='ltr'>eum</span> <span class='ocrx_word' id='word_1_184' title='bbox 369 3039 475 3094; x_wconf 73' lang='lat' dir='ltr'>prae</span> <span class='ocrx_word' id='word_1_185' title='bbox 525 3023 740 3079; x_wconf 87' lang='lat' dir='ltr'>cunctis</span> <span class='ocrx_word' id='word_1_186' title='bbox 787 3025 964 3077; x_wconf 90' lang='lat' dir='ltr'>solum</span> <span class='ocrx_word' id='word_1_187' title='bbox 1017 3029 1071 3077; x_wconf 91' lang='lat' dir='ltr'>et</span> <span class='ocrx_word' id='word_1_188' title='bbox 1123 3020 1412 3092; x_wconf 86' lang='lat' dir='ltr'>specialem</span> <span class='ocrx_word' id='word_1_189' title='bbox 1462 3021 1666 3092; x_wconf 87' lang='lat' dir='ltr'>eligens</span> <span class='ocrx_word' id='word_1_190' title='bbox 1710 3019 1802 3090; x_wconf 90' lang='lat' dir='ltr'>qui</span> 
     </span>
    </p>
   </div>
   <div class='ocr_carea' id='block_1_33' title="bbox 209 3109 1806 3186">
    <p class='ocr_par' dir='ltr' id='par_1_33' title="bbox 209 3109 1806 3186">
     <span class='ocr_line' id='line_1_33' title="bbox 209 3109 1806 3186; baseline -0.003 -18"><span class='ocrx_word' id='word_1_191' title='bbox 209 3111 442 3168; x_wconf 79' lang='lat' dir='ltr'>Romani</span> <span class='ocrx_word' id='word_1_192' title='bbox 477 3113 691 3186; x_wconf 87' lang='lat' dir='ltr'>imperii</span> <span class='ocrx_word' id='word_1_193' title='bbox 725 3123 936 3184; x_wconf 87' lang='lat' dir='ltr'>sceptra</span> <span class='ocrx_word' id='word_1_194' title='bbox 964 3119 1194 3168; x_wconf 87' lang='lat' dir='ltr'>teneret.</span> <span class='ocrx_word' id='word_1_195' title='bbox 1234 3110 1404 3182; x_wconf 88' lang='lat' dir='ltr'>Cujus</span> <span class='ocrx_word' id='word_1_196' title='bbox 1435 3110 1604 3166; x_wconf 91' lang='lat' dir='ltr'>sacris</span> <span class='ocrx_word' id='word_1_197' title='bbox 1634 3109 1806 3164; x_wconf 81' lang='lat' dir='ltr'>iusti-</span> 
     </span>
    </p>
   </div>
   <div class='ocr_carea' id='block_1_34' title="bbox 208 3199 1806 3276">
    <p class='ocr_par' dir='ltr' id='par_1_34' title="bbox 208 3199 1806 3276">
     <span class='ocr_line' id='line_1_34' title="bbox 208 3199 1806 3276; baseline -0.004 -19"><span class='ocrx_word' id='word_1_198' title='bbox 208 3202 520 3258; x_wconf 89' lang='lat' dir='ltr'>tutionibus</span> <span class='ocrx_word' id='word_1_199' title='bbox 548 3220 644 3274; x_wconf 90' lang='lat' dir='ltr'>pro</span> <span class='ocrx_word' id='word_1_200' title='bbox 679 3203 864 3258; x_wconf 87' lang='lat' dir='ltr'>debito</span> <span class='ocrx_word' id='word_1_201' title='bbox 895 3211 1164 3276; x_wconf 84' lang='lat' dir='ltr'>parentes,</span> <span class='ocrx_word' id='word_1_202' title='bbox 1215 3201 1357 3274; x_wconf 90' lang='lat' dir='ltr'>quod</span> <span class='ocrx_word' id='word_1_203' title='bbox 1410 3201 1524 3273; x_wconf 87' lang='lat' dir='ltr'>ipse</span> <span class='ocrx_word' id='word_1_204' title='bbox 1562 3199 1806 3253; x_wconf 73' lang='lat' dir='ltr'>instituit</span> 
     </span>
    </p>
   </div>
   <div class='ocr_carea' id='block_1_35' title="bbox 209 3290 1806 3366">
    <p class='ocr_par' dir='ltr' id='par_1_35' title="bbox 209 3290 1806 3366">
     <span class='ocr_line' id='line_1_35' title="bbox 209 3290 1806 3366; baseline -0.003 -21"><span class='ocrx_word' id='word_1_205' title='bbox 209 3291 578 3360; x_wconf 89' lang='lat' dir='ltr'>instituimus,</span> <span class='ocrx_word' id='word_1_206' title='bbox 610 3303 663 3348; x_wconf 90' lang='lat' dir='ltr'>et</span> <span class='ocrx_word' id='word_1_207' title='bbox 692 3293 838 3366; x_wconf 91' lang='lat' dir='ltr'>quod</span> <span class='ocrx_word' id='word_1_208' title='bbox 869 3311 983 3366; x_wconf 86' lang='lat' dir='ltr'>ipse</span> <span class='ocrx_word' id='word_1_209' title='bbox 1006 3291 1357 3350; x_wconf 82' lang='lat' dir='ltr'>conﬁrmavit</span> <span class='ocrx_word' id='word_1_210' title='bbox 1391 3290 1508 3363; x_wconf 90' lang='lat' dir='ltr'>pari</span> <span class='ocrx_word' id='word_1_211' title='bbox 1535 3303 1806 3347; x_wconf 87' lang='lat' dir='ltr'>consensu</span> 
     </span>
    </p>
   </div>
   <div class='ocr_carea' id='block_1_36' title="bbox 205 3389 724 3448">
    <p class='ocr_par' dir='ltr' id='par_1_36' title="bbox 205 3389 724 3448">
     <span class='ocr_line' id='line_1_36' title="bbox 205 3389 724 3448; baseline 0.012 -6"><span class='ocrx_word' id='word_1_212' title='bbox 205 3403 398 3444; x_wconf 91' lang='lat' dir='ltr'>omnes</span> <span class='ocrx_word' id='word_1_213' title='bbox 422 3389 724 3448; x_wconf 90' lang='lat' dir='ltr'>ﬁrmamus.</span> 
     </span>
    </p>
   </div>
   <div class='ocr_carea' id='block_1_37' title="bbox 890 3507 1118 3562">
    <p class='ocr_par' dir='ltr' id='par_1_37' title="bbox 890 3507 1118 3562">
     <span class='ocr_line' id='line_1_37' title="bbox 890 3507 1118 3562; baseline -0.009 0"><span class='ocrx_word' id='word_1_214' title='bbox 890 3507 1022 3562; x_wconf 96' lang='lat' dir='ltr'>CAP.</span> <span class='ocrx_word' id='word_1_215' title='bbox 1051 3507 1118 3560; x_wconf 90' lang='lat' dir='ltr'>II.</span> 
     </span>
    </p>
   </div>
   <div class='ocr_carea' id='block_1_38' title="bbox 277 3597 1802 3676">
    <p class='ocr_par' dir='ltr' id='par_1_38' title="bbox 277 3597 1802 3676">
     <span class='ocr_line' id='line_1_38' title="bbox 277 3597 1802 3676; baseline -0.005 -15"><span class='ocrx_word' id='word_1_216' title='bbox 277 3603 619 3676; x_wconf 86' lang='lat' dir='ltr'>Congregata</span> <span class='ocrx_word' id='word_1_217' title='bbox 649 3603 819 3673; x_wconf 82' lang='lat' dir='ltr'>igitur</span> <span class='ocrx_word' id='word_1_218' title='bbox 850 3601 908 3655; x_wconf 92' lang='lat' dir='ltr'>in</span> <span class='ocrx_word' id='word_1_219' title='bbox 940 3603 1178 3657; x_wconf 78' lang='lat' dir='ltr'>Romana</span> <span class='ocrx_word' id='word_1_220' title='bbox 1209 3599 1342 3654; x_wconf 91' lang='lat' dir='ltr'>urbe</span> <span class='ocrx_word' id='word_1_221' title='bbox 1363 3605 1550 3654; x_wconf 89' lang='lat' dir='ltr'>sancta</span> <span class='ocrx_word' id='word_1_222' title='bbox 1568 3597 1802 3671; x_wconf 86' lang='lat' dir='ltr'>synodo,</span> 
     </span>
    </p>
   </div>
   <div class='ocr_carea' id='block_1_39' title="bbox 201 3694 1803 3768">
    <p class='ocr_par' dir='ltr' id='par_1_39' title="bbox 201 3694 1803 3768">
     <span class='ocr_line' id='line_1_39' title="bbox 201 3694 1803 3768; baseline -0.005 -13"><span class='ocrx_word' id='word_1_223' title='bbox 201 3708 330 3755; x_wconf 90' lang='lat' dir='ltr'>ante</span> <span class='ocrx_word' id='word_1_224' title='bbox 369 3700 669 3754; x_wconf 87' lang='lat' dir='ltr'>adventum</span> <span class='ocrx_word' id='word_1_225' title='bbox 719 3696 961 3768; x_wconf 72' lang='lat' dir='ltr'>prdecti</span> <span class='ocrx_word' id='word_1_226' title='bbox 999 3696 1208 3752; x_wconf 81' lang='lat' dir='ltr'>domui-</span> <span class='ocrx_word' id='word_1_227' title='bbox 1238 3694 1603 3767; x_wconf 88' lang='lat' dir='ltr'>imperatoris,</span> <span class='ocrx_word' id='word_1_228' title='bbox 1655 3694 1803 3748; x_wconf 89' lang='lat' dir='ltr'>misit</span> 
     </span>
    </p>
   </div>
   <div class='ocr_carea' id='block_1_40' title="bbox 197 3785 1804 3860">
    <p class='ocr_par' dir='ltr' id='par_1_40' title="bbox 197 3785 1804 3860">
     <span class='ocr_line' id='line_1_40' title="bbox 197 3785 1804 3860; baseline -0.004 -13"><span class='ocrx_word' id='word_1_229' title='bbox 197 3808 328 3848; x_wconf 90' lang='lat' dir='ltr'>cum</span> <span class='ocrx_word' id='word_1_230' title='bbox 363 3805 635 3846; x_wconf 88' lang='lat' dir='ltr'>consensu</span> <span class='ocrx_word' id='word_1_231' title='bbox 659 3787 906 3844; x_wconf 90' lang='lat' dir='ltr'>omnium</span> <span class='ocrx_word' id='word_1_232' title='bbox 935 3788 1191 3860; x_wconf 85' lang='lat' dir='ltr'>epistolas</span> <span class='ocrx_word' id='word_1_233' title='bbox 1212 3785 1491 3843; x_wconf 83' lang='lat' dir='ltr'>Ludovico</span> <span class='ocrx_word' id='word_1_234' title='bbox 1515 3785 1648 3858; x_wconf 85' lang='lat' dir='ltr'>regi,</span> <span class='ocrx_word' id='word_1_235' title='bbox 1673 3786 1804 3841; x_wconf 85' lang='lat' dir='ltr'>ﬁliis</span> 
     </span>
    </p>
   </div>
   <div class='ocr_carea' id='block_1_41' title="bbox 199 3877 1799 3952">
    <p class='ocr_par' dir='ltr' id='par_1_41' title="bbox 199 3877 1799 3952">
     <span class='ocr_line' id='line_1_41' title="bbox 199 3877 1799 3952; baseline -0.002 -16"><span class='ocrx_word' id='word_1_236' title='bbox 199 3895 422 3952; x_wconf 92' lang='lat' dir='ltr'>quoque</span> <span class='ocrx_word' id='word_1_237' title='bbox 458 3878 650 3950; x_wconf 90' lang='lat' dir='ltr'>ipsius,</span> <span class='ocrx_word' id='word_1_238' title='bbox 681 3879 1128 3952; x_wconf 72' lang='lat' dir='ltr'>archiepiscopis,</span> <span class='ocrx_word' id='word_1_239' title='bbox 1160 3879 1450 3952; x_wconf 88' lang='lat' dir='ltr'>episcopis,</span> <span class='ocrx_word' id='word_1_240' title='bbox 1487 3877 1799 3945; x_wconf 79' lang='lat' dir='ltr'>abbatibus,</span> 
     </span>
    </p>
   </div>
   <div class='ocr_carea' id='block_1_42' title="bbox 200 3966 1804 4040">
    <p class='ocr_par' dir='ltr' id='par_1_42' title="bbox 200 3966 1804 4040">
     <span class='ocr_line' id='line_1_42' title="bbox 200 3966 1804 4040; baseline -0.001 -16"><span class='ocrx_word' id='word_1_241' title='bbox 200 3985 264 4025; x_wconf 90' lang='lat' dir='ltr'>ac</span> <span class='ocrx_word' id='word_1_242' title='bbox 287 3968 517 4040; x_wconf 90' lang='lat' dir='ltr'>reliquis</span> <span class='ocrx_word' id='word_1_243' title='bbox 550 3968 886 4040; x_wconf 90' lang='lat' dir='ltr'>primoribus</span> <span class='ocrx_word' id='word_1_244' title='bbox 913 3967 1065 4039; x_wconf 87' lang='lat' dir='ltr'>regni</span> <span class='ocrx_word' id='word_1_245' title='bbox 1097 3966 1203 4034; x_wconf 90' lang='lat' dir='ltr'>sui,</span> <span class='ocrx_word' id='word_1_246' title='bbox 1235 3975 1518 4022; x_wconf 82' lang='lat' dir='ltr'>monentes</span> <span class='ocrx_word' id='word_1_247' title='bbox 1547 3982 1638 4022; x_wconf 87' lang='lat' dir='ltr'>eos</span> <span class='ocrx_word' id='word_1_248' title='bbox 1663 3983 1804 4039; x_wconf 91' lang='lat' dir='ltr'>apo-</span> 
     </span>
    </p>
   </div>
   <div class='ocr_carea' id='block_1_43' title="bbox 201 4055 1805 4129">
    <p class='ocr_par' dir='ltr' id='par_1_43' title="bbox 201 4055 1805 4129">
     <span class='ocr_line' id='line_1_43' title="bbox 201 4055 1805 4129; baseline -0.002 -14"><span class='ocrx_word' id='word_1_249' title='bbox 201 4059 398 4116; x_wconf 88' lang='lat' dir='ltr'>stolica</span> <span class='ocrx_word' id='word_1_250' title='bbox 423 4059 751 4115; x_wconf 88' lang='lat' dir='ltr'>auctoritate</span> <span class='ocrx_word' id='word_1_251' title='bbox 782 4075 931 4113; x_wconf 91' lang='lat' dir='ltr'>more</span> <span class='ocrx_word' id='word_1_252' title='bbox 966 4065 1192 4129; x_wconf 91' lang='lat' dir='ltr'>paterno</span> <span class='ocrx_word' id='word_1_253' title='bbox 1221 4072 1438 4111; x_wconf 87' lang='lat' dir='ltr'>servare</span> <span class='ocrx_word' id='word_1_254' title='bbox 1487 4072 1606 4128; x_wconf 79' lang='lat' dir='ltr'>quae</span> <span class='ocrx_word' id='word_1_255' title='bbox 1655 4055 1805 4127; x_wconf 87' lang='lat' dir='ltr'>pacis</span> 
     </span>
    </p>
   </div>
   <div class='ocr_carea' id='block_1_44' title="bbox 199 4145 1802 4223">
    <p class='ocr_par' dir='ltr' id='par_1_44' title="bbox 199 4145 1802 4223">
     <span class='ocr_line' id='line_1_44' title="bbox 199 4145 1802 4223; baseline -0.004 -16"><span class='ocrx_word' id='word_1_256' title='bbox 199 4157 480 4223; x_wconf 34' lang='lat' dir='ltr'>sunthne</span> <span class='ocrx_word' id='word_1_257' title='bbox 531 4149 792 4206; x_wconf 83' lang='lat' dir='ltr'>videlicet</span> <span class='ocrx_word' id='word_1_258' title='bbox 848 4148 1086 4221; x_wconf 89' lang='lat' dir='ltr'>aliquam</span> <span class='ocrx_word' id='word_1_259' title='bbox 1136 4146 1490 4219; x_wconf 88' lang='lat' dir='ltr'>irreptionem</span> <span class='ocrx_word' id='word_1_260' title='bbox 1535 4145 1592 4200; x_wconf 91' lang='lat' dir='ltr'>in</span> <span class='ocrx_word' id='word_1_261' title='bbox 1637 4162 1802 4218; x_wconf 91' lang='lat' dir='ltr'>regno</span> 
     </span>
    </p>
   </div>
   <div class='ocr_carea' id='block_1_45' title="bbox 198 4235 1801 4313">
    <p class='ocr_par' dir='ltr' id='par_1_45' title="bbox 198 4235 1801 4313">
     <span class='ocr_line' id='line_1_45' title="bbox 198 4235 1801 4313; baseline -0.002 -19"><span class='ocrx_word' id='word_1_262' title='bbox 198 4238 418 4313; x_wconf 83' lang='lat' dir='ltr'>praefati</span> <span class='ocrx_word' id='word_1_263' title='bbox 450 4238 682 4309; x_wconf 84' lang='lat' dir='ltr'>Augusti</span> <span class='ocrx_word' id='word_1_264' title='bbox 716 4237 878 4294; x_wconf 89' lang='lat' dir='ltr'>facile</span> <span class='ocrx_word' id='word_1_265' title='bbox 917 4244 1191 4294; x_wconf 90' lang='lat' dir='ltr'>tentarent</span> <span class='ocrx_word' id='word_1_266' title='bbox 1239 4253 1411 4308; x_wconf 92' lang='lat' dir='ltr'>usque</span> <span class='ocrx_word' id='word_1_267' title='bbox 1457 4235 1589 4291; x_wconf 89' lang='lat' dir='ltr'>dum</span> <span class='ocrx_word' id='word_1_268' title='bbox 1637 4236 1801 4291; x_wconf 88' lang='lat' dir='ltr'>simul</span> 
     </span>
    </p>
   </div>
   <div class='ocr_carea' id='block_1_46' title="bbox 199 4326 1803 4401">
    <p class='ocr_par' dir='ltr' id='par_1_46' title="bbox 199 4326 1803 4401">
     <span class='ocr_line' id='line_1_46' title="bbox 199 4326 1803 4401; baseline -0.003 -15"><span class='ocrx_word' id='word_1_269' title='bbox 199 4330 272 4386; x_wconf 90' lang='lat' dir='ltr'>ad</span> <span class='ocrx_word' id='word_1_270' title='bbox 319 4336 575 4384; x_wconf 91' lang='lat' dir='ltr'>mutuum</span> <span class='ocrx_word' id='word_1_271' title='bbox 605 4327 942 4401; x_wconf 91' lang='lat' dir='ltr'>colloquium</span> <span class='ocrx_word' id='word_1_272' title='bbox 976 4328 1248 4393; x_wconf 89' lang='lat' dir='ltr'>venirent,</span> <span class='ocrx_word' id='word_1_273' title='bbox 1282 4334 1336 4382; x_wconf 91' lang='lat' dir='ltr'>et</span> <span class='ocrx_word' id='word_1_274' title='bbox 1365 4326 1478 4398; x_wconf 91' lang='lat' dir='ltr'>ipse</span> <span class='ocrx_word' id='word_1_275' title='bbox 1526 4326 1670 4382; x_wconf 90' lang='lat' dir='ltr'>inter</span> <span class='ocrx_word' id='word_1_276' title='bbox 1711 4342 1803 4381; x_wconf 91' lang='lat' dir='ltr'>eos</span> 
     </span>
    </p>
   </div>
   <div class='ocr_carea' id='block_1_47' title="bbox 197 4416 1803 4492">
    <p class='ocr_par' dir='ltr' id='par_1_47' title="bbox 197 4416 1803 4492">
     <span class='ocr_line' id='line_1_47' title="bbox 197 4416 1803 4492; baseline -0.003 -16"><span class='ocrx_word' id='word_1_277' title='bbox 197 4427 256 4476; x_wconf 88' lang='lat' dir='ltr'>et</span> <span class='ocrx_word' id='word_1_278' title='bbox 285 4420 352 4476; x_wconf 89' lang='lat' dir='ltr'>de</span> <span class='ocrx_word' id='word_1_279' title='bbox 382 4436 510 4492; x_wconf 87' lang='lat' dir='ltr'>pace</span> <span class='ocrx_word' id='word_1_280' title='bbox 537 4417 912 4474; x_wconf 84' lang='lat' dir='ltr'>conservanda</span> <span class='ocrx_word' id='word_1_281' title='bbox 938 4426 992 4473; x_wconf 92' lang='lat' dir='ltr'>et</span> <span class='ocrx_word' id='word_1_282' title='bbox 1022 4417 1088 4473; x_wconf 92' lang='lat' dir='ltr'>de</span> <span class='ocrx_word' id='word_1_283' title='bbox 1110 4416 1234 4489; x_wconf 88' lang='lat' dir='ltr'>jure</span> <span class='ocrx_word' id='word_1_284' title='bbox 1276 4433 1564 4487; x_wconf 89' lang='lat' dir='ltr'>regnorum</span> <span class='ocrx_word' id='word_1_285' title='bbox 1597 4432 1803 4473; x_wconf 89' lang='lat' dir='ltr'>secun—</span> 
     </span>
    </p>
   </div>
   <div class='ocr_carea' id='block_1_48' title="bbox 202 4507 1803 4567">
    <p class='ocr_par' dir='ltr' id='par_1_48' title="bbox 202 4507 1803 4567">
     <span class='ocr_line' id='line_1_48' title="bbox 202 4507 1803 4567; baseline -0.002 0"><span class='ocrx_word' id='word_1_286' title='bbox 202 4509 335 4567; x_wconf 90' lang='lat' dir='ltr'>dum</span> <span class='ocrx_word' id='word_1_287' title='bbox 366 4510 472 4567; x_wconf 89' lang='lat' dir='ltr'>sibi</span> <span class='ocrx_word' id='word_1_288' title='bbox 520 4528 552 4566; x_wconf 92' lang='lat' dir='ltr'>a</span> <span class='ocrx_word' id='word_1_289' title='bbox 592 4513 707 4566; x_wconf 89' lang='lat' dir='ltr'>Deo</span> <span class='ocrx_word' id='word_1_290' title='bbox 756 4509 1125 4565; x_wconf 83' lang='lat' dir='ltr'>ministerium</span> <span class='ocrx_word' id='word_1_291' title='bbox 1175 4507 1445 4564; x_wconf 87' lang='lat' dir='ltr'>creditum</span> <span class='ocrx_word' id='word_1_292' title='bbox 1489 4507 1803 4564; x_wconf 88' lang='lat' dir='ltr'>decerneret</span> 
     </span>
    </p>
   </div>
   <div class='ocr_carea' id='block_1_49' title="bbox 201 4596 1801 4673">
    <p class='ocr_par' dir='ltr' id='par_1_49' title="bbox 201 4596 1801 4673">
     <span class='ocr_line' id='line_1_49' title="bbox 201 4596 1801 4673; baseline -0.004 -17"><span class='ocrx_word' id='word_1_293' title='bbox 201 4600 411 4673; x_wconf 89' lang='lat' dir='ltr'>pariter</span> <span class='ocrx_word' id='word_1_294' title='bbox 443 4608 497 4656; x_wconf 90' lang='lat' dir='ltr'>et</span> <span class='ocrx_word' id='word_1_295' title='bbox 524 4600 877 4657; x_wconf 89' lang='lat' dir='ltr'>discerneret.</span> <span class='ocrx_word' id='word_1_296' title='bbox 913 4600 1057 4667; x_wconf 86' lang='lat' dir='ltr'>Quas</span> <span class='ocrx_word' id='word_1_297' title='bbox 1105 4597 1363 4670; x_wconf 88' lang='lat' dir='ltr'>epistolas</span> <span class='ocrx_word' id='word_1_298' title='bbox 1411 4613 1505 4668; x_wconf 90' lang='lat' dir='ltr'>per</span> <span class='ocrx_word' id='word_1_299' title='bbox 1553 4596 1801 4653; x_wconf 90' lang='lat' dir='ltr'>Odonem</span> 
     </span>
    </p>
   </div>
   <div class='ocr_carea' id='block_1_50' title="bbox 202 4685 1803 4760">
    <p class='ocr_par' dir='ltr' id='par_1_50' title="bbox 202 4685 1803 4760">
     <span class='ocr_line' id='line_1_50' title="bbox 202 4685 1803 4760; baseline -0.001 -17"><span class='ocrx_word' id='word_1_300' title='bbox 202 4689 623 4746; x_wconf 87' lang='lat' dir='ltr'>Bellovacorum</span> <span class='ocrx_word' id='word_1_301' title='bbox 643 4689 1013 4746; x_wconf 89' lang='lat' dir='ltr'>venerabilem</span> <span class='ocrx_word' id='word_1_302' title='bbox 1031 4687 1346 4760; x_wconf 87' lang='lat' dir='ltr'>episcopum</span> <span class='ocrx_word' id='word_1_303' title='bbox 1375 4685 1481 4742; x_wconf 91' lang='lat' dir='ltr'>sibi</span> <span class='ocrx_word' id='word_1_304' title='bbox 1505 4685 1803 4743; x_wconf 89' lang='lat' dir='ltr'>destinatas</span> 
     </span>
    </p>
   </div>
   <div class='ocr_carea' id='block_1_51' title="bbox 201 4779 1487 4853">
    <p class='ocr_par' dir='ltr' id='par_1_51' title="bbox 201 4779 1487 4853">
     <span class='ocr_line' id='line_1_51' title="bbox 201 4779 1487 4853; baseline 0.002 -19"><span class='ocrx_word' id='word_1_305' title='bbox 201 4787 258 4835; x_wconf 90' lang='lat' dir='ltr'>et</span> <span class='ocrx_word' id='word_1_306' title='bbox 284 4779 372 4834; x_wconf 89' lang='lat' dir='ltr'>bis</span> <span class='ocrx_word' id='word_1_307' title='bbox 400 4779 607 4839; x_wconf 87' lang='lat' dir='ltr'>delatas</span> <span class='ocrx_word' id='word_1_308' title='bbox 637 4783 865 4840; x_wconf 87' lang='lat' dir='ltr'>omnino</span> <span class='ocrx_word' id='word_1_309' title='bbox 894 4781 1134 4853; x_wconf 88' lang='lat' dir='ltr'>recipere</span> <span class='ocrx_word' id='word_1_310' title='bbox 1165 4786 1487 4836; x_wconf 89' lang='lat' dir='ltr'>renuerunt.</span> 
     </span>
    </p>
   </div>
   <div class='ocr_carea' id='block_1_52' title="bbox 875 4901 1134 4960">
    <p class='ocr_par' dir='ltr' id='par_1_52' title="bbox 875 4901 1134 4960">
     <span class='ocr_line' id='line_1_52' title="bbox 875 4901 1134 4960; baseline -0.008 0"><span class='ocrx_word' id='word_1_311' title='bbox 875 4902 1005 4960; x_wconf 84' lang='lat' dir='ltr'>CAP.</span> <span class='ocrx_word' id='word_1_312' title='bbox 1039 4901 1134 4958; x_wconf 90' lang='lat' dir='ltr'>Ill.</span> 
     </span>
    </p>
   </div>
   <div class='ocr_carea' id='block_1_53' title="bbox 277 4997 1800 5073">
    <p class='ocr_par' dir='ltr' id='par_1_53' title="bbox 277 4997 1800 5073">
     <span class='ocr_line' id='line_1_53' title="bbox 277 4997 1800 5073; baseline -0.003 -17"><span class='ocrx_word' id='word_1_313' title='bbox 277 4998 396 5072; x_wconf 88' lang='lat' dir='ltr'>Ipse</span> <span class='ocrx_word' id='word_1_314' title='bbox 432 5016 562 5056; x_wconf 87' lang='lat' dir='ltr'>vero</span> <span class='ocrx_word' id='word_1_315' title='bbox 591 4999 892 5073; x_wconf 89' lang='lat' dir='ltr'>apostolica</span> <span class='ocrx_word' id='word_1_316' title='bbox 920 5009 974 5056; x_wconf 90' lang='lat' dir='ltr'>et</span> <span class='ocrx_word' id='word_1_317' title='bbox 1003 5006 1227 5071; x_wconf 86' lang='lat' dir='ltr'>paterna</span> <span class='ocrx_word' id='word_1_318' title='bbox 1257 4997 1468 5054; x_wconf 90' lang='lat' dir='ltr'>monita</span> <span class='ocrx_word' id='word_1_319' title='bbox 1505 4997 1800 5070; x_wconf 62' lang='lat' dir='ltr'>parvipeno</span> 
     </span>
    </p>
   </div>
   <div class='ocr_carea' id='block_1_54' title="bbox 202 5087 1802 5158">
    <p class='ocr_par' dir='ltr' id='par_1_54' title="bbox 202 5087 1802 5158">
     <span class='ocr_line' id='line_1_54' title="bbox 202 5087 1802 5158; baseline -0.003 -13"><span class='ocrx_word' id='word_1_320' title='bbox 202 5088 361 5157; x_wconf 90' lang='lat' dir='ltr'>dens,</span> <span class='ocrx_word' id='word_1_321' title='bbox 390 5097 444 5146; x_wconf 91' lang='lat' dir='ltr'>et</span> <span class='ocrx_word' id='word_1_322' title='bbox 473 5089 713 5146; x_wconf 88' lang='lat' dir='ltr'>fraterna</span> <span class='ocrx_word' id='word_1_323' title='bbox 752 5090 955 5147; x_wconf 79' lang='lat' dir='ltr'>fcedera</span> <span class='ocrx_word' id='word_1_324' title='bbox 1001 5088 1370 5158; x_wconf 89' lang='lat' dir='ltr'>disrumpens,</span> <span class='ocrx_word' id='word_1_325' title='bbox 1416 5087 1605 5142; x_wconf 90' lang='lat' dir='ltr'>hostili</span> <span class='ocrx_word' id='word_1_326' title='bbox 1635 5102 1802 5141; x_wconf 91' lang='lat' dir='ltr'>manu</span> 
     </span>
    </p>
   </div>
   <div class='ocr_carea' id='block_1_55' title="bbox 203 5175 1804 5254">
    <p class='ocr_par' dir='ltr' id='par_1_55' title="bbox 203 5175 1804 5254">
     <span class='ocr_line' id='line_1_55' title="bbox 203 5175 1804 5254; baseline -0.004 -18"><span class='ocrx_word' id='word_1_327' title='bbox 203 5181 500 5254; x_wconf 90' lang='lat' dir='ltr'>tyrannico</span> <span class='ocrx_word' id='word_1_328' title='bbox 533 5198 681 5237; x_wconf 92' lang='lat' dir='ltr'>more</span> <span class='ocrx_word' id='word_1_329' title='bbox 715 5181 1018 5237; x_wconf 85' lang='lat' dir='ltr'>fraternum</span> <span class='ocrx_word' id='word_1_330' title='bbox 1049 5194 1277 5248; x_wconf 88' lang='lat' dir='ltr'>regnum</span> <span class='ocrx_word' id='word_1_331' title='bbox 1307 5175 1690 5248; x_wconf 81' lang='lat' dir='ltr'>depopulanda</span> <span class='ocrx_word' id='word_1_332' title='bbox 1723 5176 1804 5230; x_wconf 85' lang='lat' dir='ltr'>in-</span> 
     </span>
    </p>
   </div>
   <div class='ocr_carea' id='block_1_56' title="bbox 201 5266 1804 5344">
    <p class='ocr_par' dir='ltr' id='par_1_56' title="bbox 201 5266 1804 5344">
     <span class='ocr_line' id='line_1_56' title="bbox 201 5266 1804 5344; baseline -0.004 -18"><span class='ocrx_word' id='word_1_333' title='bbox 201 5272 384 5338; x_wconf 86' lang='lat' dir='ltr'>vasit;</span> <span class='ocrx_word' id='word_1_334' title='bbox 421 5268 743 5341; x_wconf 84' lang='lat' dir='ltr'>homicidia,</span> <span class='ocrx_word' id='word_1_335' title='bbox 770 5282 975 5344; x_wconf 90' lang='lat' dir='ltr'>stupra,</span> <span class='ocrx_word' id='word_1_336' title='bbox 1000 5268 1290 5337; x_wconf 88' lang='lat' dir='ltr'>adulteria,</span> <span class='ocrx_word' id='word_1_337' title='bbox 1320 5267 1623 5338; x_wconf 86' lang='lat' dir='ltr'>sacrilegia,</span> <span class='ocrx_word' id='word_1_338' title='bbox 1649 5275 1701 5321; x_wconf 87' lang='lat' dir='ltr'>et</span> <span class='ocrx_word' id='word_1_339' title='bbox 1722 5266 1804 5321; x_wconf 92' lang='lat' dir='ltr'>in-</span> 
     </span>
    </p>
   </div>
   <div class='ocr_carea' id='block_1_57' title="bbox 203 5356 1807 5436">
    <p class='ocr_par' dir='ltr' id='par_1_57' title="bbox 203 5356 1807 5436">
     <span class='ocr_line' id='line_1_57' title="bbox 203 5356 1807 5436; baseline -0.003 -19"><span class='ocrx_word' id='word_1_340' title='bbox 203 5377 435 5417; x_wconf 90' lang='lat' dir='ltr'>numera</span> <span class='ocrx_word' id='word_1_341' title='bbox 466 5363 605 5418; x_wconf 87' lang='lat' dir='ltr'>mala</span> <span class='ocrx_word' id='word_1_342' title='bbox 635 5379 756 5436; x_wconf 83' lang='lat' dir='ltr'>quae</span> <span class='ocrx_word' id='word_1_343' title='bbox 795 5361 1108 5418; x_wconf 89' lang='lat' dir='ltr'>enumerari</span> <span class='ocrx_word' id='word_1_344' title='bbox 1155 5365 1459 5433; x_wconf 89' lang='lat' dir='ltr'>nequeunt,</span> <span class='ocrx_word' id='word_1_345' title='bbox 1480 5356 1807 5414; x_wconf 70' lang='lat' dir='ltr'>oauctoritas</span> 
     </span>
    </p>
   </div>
   <div class='ocr_carea' id='block_1_58' title="bbox 203 5451 915 5526">
    <p class='ocr_par' dir='ltr' id='par_1_58' title="bbox 203 5451 915 5526">
     <span class='ocr_line' id='line_1_58' title="bbox 203 5451 915 5526; baseline 0.004 -21"><span class='ocrx_word' id='word_1_346' title='bbox 203 5451 530 5509; x_wconf 85' lang='lat' dir='ltr'>facientium</span> <span class='ocrx_word' id='word_1_347' title='bbox 561 5452 915 5526; x_wconf 89' lang='lat' dir='ltr'>perpetravit.</span> 
     </span>
    </p>
   </div>
   <div class='ocr_carea' id='block_1_59' title="bbox 874 5569 1140 5630">
    <p class='ocr_par' dir='ltr' id='par_1_59' title="bbox 874 5569 1140 5630">
     <span class='ocr_line' id='line_1_59' title="bbox 874 5569 1140 5630; baseline -0.011 0"><span class='ocrx_word' id='word_1_348' title='bbox 874 5572 1004 5630; x_wconf 88' lang='lat' dir='ltr'>CAP.</span> <span class='ocrx_word' id='word_1_349' title='bbox 1045 5569 1140 5628; x_wconf 78' lang='grc' dir='ltr'>Ν.</span> 
     </span>
    </p>
   </div>
   <div class='ocr_carea' id='block_1_60' title="bbox 278 5665 1809 5738">
    <p class='ocr_par' dir='ltr' id='par_1_60' title="bbox 278 5665 1809 5738">
     <span class='ocr_line' id='line_1_60' title="bbox 278 5665 1809 5738; baseline -0.007 -10"><span class='ocrx_word' id='word_1_350' title='bbox 278 5669 406 5730; x_wconf 78' lang='lat' dir='ltr'>Haec</span> <span class='ocrx_word' id='word_1_351' title='bbox 433 5672 577 5728; x_wconf 92' lang='lat' dir='ltr'>mala</span> <span class='ocrx_word' id='word_1_352' title='bbox 605 5669 834 5728; x_wconf 89' lang='lat' dir='ltr'>audiens</span> <span class='ocrx_word' id='word_1_353' title='bbox 862 5677 946 5726; x_wconf 89' lang='lat' dir='ltr'>ter</span> <span class='ocrx_word' id='word_1_354' title='bbox 965 5665 1315 5724; x_wconf 88' lang='lat' dir='ltr'>beatissimus</span> <span class='ocrx_word' id='word_1_355' title='bbox 1338 5679 1478 5738; x_wconf 82' lang='lat' dir='ltr'>papa</span> <span class='ocrx_word' id='word_1_356' title='bbox 1496 5669 1809 5736; x_wconf 88' lang='lat' dir='ltr'>perpetrata</span> 
     </span>
    </p>
   </div>
   <div class='ocr_carea' id='block_1_61' title="bbox 203 5754 1810 5836">
    <p class='ocr_par' dir='ltr' id='par_1_61' title="bbox 203 5754 1810 5836">
     <span class='ocr_line' id='line_1_61' title="bbox 203 5754 1810 5836; baseline -0.006 -17"><span class='ocrx_word' id='word_1_357' title='bbox 203 5777 322 5820; x_wconf 85' lang='lat' dir='ltr'>esse</span> <span class='ocrx_word' id='word_1_358' title='bbox 354 5764 415 5820; x_wconf 90' lang='lat' dir='ltr'>in</span> <span class='ocrx_word' id='word_1_359' title='bbox 445 5779 613 5836; x_wconf 79' lang='lat' dir='ltr'>regno</span> <span class='ocrx_word' id='word_1_360' title='bbox 641 5761 908 5836; x_wconf 85' lang='lat' dir='ltr'>spiritalis</span> <span class='ocrx_word' id='word_1_361' title='bbox 936 5759 1040 5816; x_wconf 90' lang='lat' dir='ltr'>ﬁlii</span> <span class='ocrx_word' id='word_1_362' title='bbox 1068 5757 1154 5815; x_wconf 91' lang='lat' dir='ltr'>sui</span> <span class='ocrx_word' id='word_1_363' title='bbox 1183 5755 1374 5814; x_wconf 87' lang='lat' dir='ltr'>domui</span> <span class='ocrx_word' id='word_1_364' title='bbox 1397 5754 1578 5816; x_wconf 86' lang='lat' dir='ltr'>Caroli</span> <span class='ocrx_word' id='word_1_365' title='bbox 1598 5770 1810 5827; x_wconf 88' lang='lat' dir='ltr'>semper</span> 
     </span>
    </p>
   </div>
   <div class='ocr_carea' id='block_1_62' title="bbox 1927 2077 2556 2152">
    <p class='ocr_par' dir='ltr' id='par_1_62' title="bbox 1927 2077 2556 2152">
     <span class='ocr_line' id='line_1_62' title="bbox 1927 2077 2556 2152; baseline 0.006 -19"><span class='ocrx_word' id='word_1_366' title='bbox 1927 2077 2058 2135; x_wconf 91' lang='lat' dir='ltr'>dum</span> <span class='ocrx_word' id='word_1_367' title='bbox 2089 2080 2329 2152; x_wconf 89' lang='lat' dir='ltr'>recipere</span> <span class='ocrx_word' id='word_1_368' title='bbox 2359 2083 2556 2138; x_wconf 87' lang='lat' dir='ltr'>voluit.</span> 
     </span>
    </p>
   </div>
   <div class='ocr_carea' id='block_1_63' title="bbox 2603 2196 2846 2255">
    <p class='ocr_par' dir='ltr' id='par_1_63' title="bbox 2603 2196 2846 2255">
     <span class='ocr_line' id='line_1_63' title="bbox 2603 2196 2846 2255; baseline 0 0"><span class='ocrx_word' id='word_1_369' title='bbox 2603 2198 2735 2255; x_wconf 90' lang='lat' dir='ltr'>CAP.</span> <span class='ocrx_word' id='word_1_370' title='bbox 2779 2196 2846 2255; x_wconf 85' lang='lat' dir='ltr'>V.</span> 
     </span>
    </p>
   </div>
   <div class='ocr_carea' id='block_1_64' title="bbox 1995 2295 3523 2368">
    <p class='ocr_par' dir='ltr' id='par_1_64' title="bbox 1995 2295 3523 2368">
     <span class='ocr_line' id='line_1_64' title="bbox 1995 2295 3523 2368; baseline 0 -15"><span class='ocrx_word' id='word_1_371' title='bbox 1995 2298 2123 2353; x_wconf 86' lang='lat' dir='ltr'>Post</span> <span class='ocrx_word' id='word_1_372' title='bbox 2149 2297 2250 2352; x_wconf 91' lang='lat' dir='ltr'>hos</span> <span class='ocrx_word' id='word_1_373' title='bbox 2279 2295 2515 2368; x_wconf 88' lang='lat' dir='ltr'>denique</span> <span class='ocrx_word' id='word_1_374' title='bbox 2545 2295 2697 2350; x_wconf 88' lang='lat' dir='ltr'>misit</span> <span class='ocrx_word' id='word_1_375' title='bbox 2727 2296 2927 2352; x_wconf 90' lang='lat' dir='ltr'>iterum</span> <span class='ocrx_word' id='word_1_376' title='bbox 2957 2296 3096 2351; x_wconf 89' lang='lat' dir='ltr'>alios</span> <span class='ocrx_word' id='word_1_377' title='bbox 3133 2297 3361 2366; x_wconf 81' lang='lat' dir='ltr'>legatos,</span> <span class='ocrx_word' id='word_1_378' title='bbox 3394 2297 3523 2353; x_wconf 84' lang='lat' dir='ltr'>Leo-</span> 
     </span>
    </p>
   </div>
   <div class='ocr_carea' id='block_1_65' title="bbox 1923 2391 3522 2465">
    <p class='ocr_par' dir='ltr' id='par_1_65' title="bbox 1923 2391 3522 2465">
     <span class='ocr_line' id='line_1_65' title="bbox 1923 2391 3522 2465; baseline 0 -17"><span class='ocrx_word' id='word_1_379' title='bbox 1923 2409 2048 2449; x_wconf 88' lang='lat' dir='ltr'>nem</span> <span class='ocrx_word' id='word_1_380' title='bbox 2081 2392 2292 2450; x_wconf 90' lang='lat' dir='ltr'>scilicet</span> <span class='ocrx_word' id='word_1_381' title='bbox 2330 2391 2740 2448; x_wconf 88' lang='lat' dir='ltr'>sanctissimum</span> <span class='ocrx_word' id='word_1_382' title='bbox 2787 2391 3155 2449; x_wconf 89' lang='lat' dir='ltr'>Gabinensem</span> <span class='ocrx_word' id='word_1_383' title='bbox 3204 2393 3522 2465; x_wconf 91' lang='lat' dir='ltr'>episcopum</span> 
     </span>
    </p>
   </div>
   <div class='ocr_carea' id='block_1_66' title="bbox 1922 2480 3525 2552">
    <p class='ocr_par' dir='ltr' id='par_1_66' title="bbox 1922 2480 3525 2552">
     <span class='ocr_line' id='line_1_66' title="bbox 1922 2480 3525 2552; baseline -0.001 -14"><span class='ocrx_word' id='word_1_384' title='bbox 1922 2491 1975 2538; x_wconf 92' lang='lat' dir='ltr'>et</span> <span class='ocrx_word' id='word_1_385' title='bbox 2015 2488 2212 2538; x_wconf 67' lang='lat' dir='ltr'>sanctae</span> <span class='ocrx_word' id='word_1_386' title='bbox 2254 2482 2510 2538; x_wconf 77' lang='lat' dir='ltr'>Romanae</span> <span class='ocrx_word' id='word_1_387' title='bbox 2545 2481 2800 2537; x_wconf 65' lang='lat' dir='ltr'>Ecclesiae</span> <span class='ocrx_word' id='word_1_388' title='bbox 2844 2482 3071 2536; x_wconf 89' lang='lat' dir='ltr'>missum</span> <span class='ocrx_word' id='word_1_389' title='bbox 3121 2488 3174 2536; x_wconf 91' lang='lat' dir='ltr'>et</span> <span class='ocrx_word' id='word_1_390' title='bbox 3217 2480 3525 2552; x_wconf 89' lang='lat' dir='ltr'>apocrisia-</span> 
     </span>
    </p>
   </div>
   <div class='ocr_carea' id='block_1_67' title="bbox 1924 2570 3525 2645">
    <p class='ocr_par' dir='ltr' id='par_1_67' title="bbox 1924 2570 3525 2645">
     <span class='ocr_line' id='line_1_67' title="bbox 1924 2570 3525 2645; baseline 0.002 -20"><span class='ocrx_word' id='word_1_391' title='bbox 1924 2571 2088 2637; x_wconf 91' lang='lat' dir='ltr'>rium,</span> <span class='ocrx_word' id='word_1_392' title='bbox 2122 2570 2433 2643; x_wconf 90' lang='lat' dir='ltr'>pariterque</span> <span class='ocrx_word' id='word_1_393' title='bbox 2462 2578 2516 2627; x_wconf 91' lang='lat' dir='ltr'>et</span> <span class='ocrx_word' id='word_1_394' title='bbox 2539 2572 2757 2626; x_wconf 89' lang='lat' dir='ltr'>Petrum</span> <span class='ocrx_word' id='word_1_395' title='bbox 2808 2572 3379 2645; x_wconf 87' lang='lat' dir='ltr'>Forosemproniatem</span> <span class='ocrx_word' id='word_1_396' title='bbox 3419 2587 3525 2628; x_wconf 86' lang='lat' dir='ltr'>ve-</span> 
     </span>
    </p>
   </div>
   <div class='ocr_carea' id='block_1_68' title="bbox 1921 2662 3524 2735">
    <p class='ocr_par' dir='ltr' id='par_1_68' title="bbox 1921 2662 3524 2735">
     <span class='ocr_line' id='line_1_68' title="bbox 1921 2662 3524 2735; baseline 0.003 -18"><span class='ocrx_word' id='word_1_397' title='bbox 1921 2662 2218 2718; x_wconf 88' lang='lat' dir='ltr'>nerabilem</span> <span class='ocrx_word' id='word_1_398' title='bbox 2268 2663 2608 2735; x_wconf 86' lang='lat' dir='ltr'>episcopum,</span> <span class='ocrx_word' id='word_1_399' title='bbox 2641 2664 2758 2720; x_wconf 78' lang='lat' dir='ltr'>haec</span> <span class='ocrx_word' id='word_1_400' title='bbox 2787 2666 2978 2721; x_wconf 85' lang='lat' dir='ltr'>eadem</span> <span class='ocrx_word' id='word_1_401' title='bbox 3008 2666 3369 2733; x_wconf 87' lang='lat' dir='ltr'>obsecrando,</span> <span class='ocrx_word' id='word_1_402' title='bbox 3397 2682 3524 2722; x_wconf 89' lang='lat' dir='ltr'>mo-</span> 
     </span>
    </p>
   </div>
   <div class='ocr_carea' id='block_1_69' title="bbox 1919 2753 3524 2828">
    <p class='ocr_par' dir='ltr' id='par_1_69' title="bbox 1919 2753 3524 2828">
     <span class='ocr_line' id='line_1_69' title="bbox 1919 2753 3524 2828; baseline 0.002 -21"><span class='ocrx_word' id='word_1_403' title='bbox 1919 2753 2099 2808; x_wconf 87' lang='lat' dir='ltr'>nendo</span> <span class='ocrx_word' id='word_1_404' title='bbox 2129 2761 2449 2824; x_wconf 84' lang='lat' dir='ltr'>protestans.</span> <span class='ocrx_word' id='word_1_405' title='bbox 2501 2754 2746 2821; x_wconf 89' lang='lat' dir='ltr'>Quorum</span> <span class='ocrx_word' id='word_1_406' title='bbox 2795 2756 3006 2812; x_wconf 89' lang='lat' dir='ltr'>monita</span> <span class='ocrx_word' id='word_1_407' title='bbox 3045 2763 3233 2812; x_wconf 90' lang='lat' dir='ltr'>utrum</span> <span class='ocrx_word' id='word_1_408' title='bbox 3282 2756 3524 2828; x_wconf 90' lang='lat' dir='ltr'>recipere</span> 
     </span>
    </p>
   </div>
   <div class='ocr_carea' id='block_1_70' title="bbox 1917 2843 2896 2918">
    <p class='ocr_par' dir='ltr' id='par_1_70' title="bbox 1917 2843 2896 2918">
     <span class='ocr_line' id='line_1_70' title="bbox 1917 2843 2896 2918; baseline 0.006 -22"><span class='ocrx_word' id='word_1_409' title='bbox 1917 2843 2071 2912; x_wconf 89' lang='lat' dir='ltr'>velit,</span> <span class='ocrx_word' id='word_1_410' title='bbox 2102 2844 2282 2901; x_wconf 85' lang='lat' dir='ltr'>adhuc</span> <span class='ocrx_word' id='word_1_411' title='bbox 2311 2846 2632 2918; x_wconf 88' lang='lat' dir='ltr'>ambiguum</span> <span class='ocrx_word' id='word_1_412' title='bbox 2661 2855 2896 2903; x_wconf 89' lang='lat' dir='ltr'>constat.</span> 
     </span>
    </p>
   </div>
   <div class='ocr_carea' id='block_1_71' title="bbox 2591 2962 2841 3020">
    <p class='ocr_par' dir='ltr' id='par_1_71' title="bbox 2591 2962 2841 3020">
     <span class='ocr_line' id='line_1_71' title="bbox 2591 2962 2841 3020; baseline 0 0"><span class='ocrx_word' id='word_1_413' title='bbox 2591 2962 2716 3020; x_wconf 78' lang='lat' dir='ltr'>CAP.</span> <span class='ocrx_word' id='word_1_414' title='bbox 2745 2964 2841 3020; x_wconf 83' lang='lat' dir='ltr'>VI.</span> 
     </span>
    </p>
   </div>
   <div class='ocr_carea' id='block_1_72' title="bbox 1987 3056 3521 3131">
    <p class='ocr_par' dir='ltr' id='par_1_72' title="bbox 1987 3056 3521 3131">
     <span class='ocr_line' id='line_1_72' title="bbox 1987 3056 3521 3131; baseline 0.002 -19"><span class='ocrx_word' id='word_1_415' title='bbox 1987 3056 2215 3126; x_wconf 84' lang='lat' dir='ltr'>Verum,</span> <span class='ocrx_word' id='word_1_416' title='bbox 2247 3058 2376 3130; x_wconf 90' lang='lat' dir='ltr'>quia</span> <span class='ocrx_word' id='word_1_417' title='bbox 2404 3059 2662 3131; x_wconf 71' lang='lat' dir='ltr'>praefatus</span> <span class='ocrx_word' id='word_1_418' title='bbox 2693 3060 2800 3114; x_wconf 90' lang='lat' dir='ltr'>Leo</span> <span class='ocrx_word' id='word_1_419' title='bbox 2830 3059 3160 3116; x_wconf 89' lang='lat' dir='ltr'>Gabinensis</span> <span class='ocrx_word' id='word_1_420' title='bbox 3198 3060 3521 3116; x_wconf 85' lang='lat' dir='ltr'>reverentis-</span> 
     </span>
    </p>
   </div>
   <div class='ocr_carea' id='block_1_73' title="bbox 1919 3143 3524 3219">
    <p class='ocr_par' dir='ltr' id='par_1_73' title="bbox 1919 3143 3524 3219">
     <span class='ocr_line' id='line_1_73' title="bbox 1919 3143 3524 3219; baseline 0.004 -21"><span class='ocrx_word' id='word_1_421' title='bbox 1919 3143 2090 3200; x_wconf 86' lang='lat' dir='ltr'>sinius</span> <span class='ocrx_word' id='word_1_422' title='bbox 2114 3147 2400 3219; x_wconf 86' lang='lat' dir='ltr'>episcopus</span> <span class='ocrx_word' id='word_1_423' title='bbox 2428 3159 2699 3204; x_wconf 85' lang='lat' dir='ltr'>etsanctae</span> <span class='ocrx_word' id='word_1_424' title='bbox 2733 3151 2988 3205; x_wconf 77' lang='lat' dir='ltr'>Romanae</span> <span class='ocrx_word' id='word_1_425' title='bbox 3024 3149 3284 3204; x_wconf 71' lang='lat' dir='ltr'>Ecclesiae</span> <span class='ocrx_word' id='word_1_426' title='bbox 3322 3150 3524 3204; x_wconf 86' lang='lat' dir='ltr'>missus</span> 
     </span>
    </p>
   </div>
   <div class='ocr_carea' id='block_1_74' title="bbox 1917 3236 3522 3311">
    <p class='ocr_par' dir='ltr' id='par_1_74' title="bbox 1917 3236 3522 3311">
     <span class='ocr_line' id='line_1_74' title="bbox 1917 3236 3522 3311; baseline 0.002 -22"><span class='ocrx_word' id='word_1_427' title='bbox 1917 3243 1971 3290; x_wconf 90' lang='lat' dir='ltr'>et</span> <span class='ocrx_word' id='word_1_428' title='bbox 2017 3236 2423 3307; x_wconf 81' lang='lat' dir='ltr'>apocrisiarius,</span> <span class='ocrx_word' id='word_1_429' title='bbox 2474 3254 2570 3292; x_wconf 90' lang='lat' dir='ltr'>seu</span> <span class='ocrx_word' id='word_1_430' title='bbox 2629 3245 2682 3293; x_wconf 91' lang='lat' dir='ltr'>et</span> <span class='ocrx_word' id='word_1_431' title='bbox 2739 3238 2930 3293; x_wconf 89' lang='lat' dir='ltr'>Petrus</span> <span class='ocrx_word' id='word_1_432' title='bbox 2987 3238 3522 3311; x_wconf 89' lang='lat' dir='ltr'>Forosemproniatis</span> 
     </span>
    </p>
   </div>
   <div class='ocr_carea' id='block_1_75' title="bbox 1859 3335 3520 3409">
    <p class='ocr_par' dir='ltr' id='par_1_75' title="bbox 1859 3335 3520 3409">
     <span class='ocr_line' id='line_1_75' title="bbox 1859 3335 3520 3409; baseline 0.001 -19"><span class='ocrx_word' id='word_1_433' title='bbox 1859 3361 1876 3409; x_wconf 60' lang='grc' dir='ltr'>ι</span> <span class='ocrx_word' id='word_1_434' title='bbox 1915 3336 2222 3409; x_wconf 80' lang='lat' dir='ltr'>episcopus,</span> <span class='ocrx_word' id='word_1_435' title='bbox 2253 3353 2350 3409; x_wconf 92' lang='lat' dir='ltr'>pro</span> <span class='ocrx_word' id='word_1_436' title='bbox 2379 3336 2708 3408; x_wconf 83' lang='lat' dir='ltr'>quibusdam</span> <span class='ocrx_word' id='word_1_437' title='bbox 2750 3338 3089 3394; x_wconf 84' lang='lat' dir='ltr'>utilitatibus</span> <span class='ocrx_word' id='word_1_438' title='bbox 3137 3335 3520 3394; x_wconf 75' lang='lat' dir='ltr'>ecclesmsticis</span> 
     </span>
    </p>
   </div>
   <div class='ocr_carea' id='block_1_76' title="bbox 1915 3429 3519 3504">
    <p class='ocr_par' dir='ltr' id='par_1_76' title="bbox 1915 3429 3519 3504">
     <span class='ocr_line' id='line_1_76' title="bbox 1915 3429 3519 3504; baseline 0.001 -21"><span class='ocrx_word' id='word_1_439' title='bbox 1915 3431 2112 3484; x_wconf 87' lang='lat' dir='ltr'>morari</span> <span class='ocrx_word' id='word_1_440' title='bbox 2157 3429 2246 3485; x_wconf 84' lang='lat' dir='ltr'>hic</span> <span class='ocrx_word' id='word_1_441' title='bbox 2290 3429 2500 3484; x_wconf 83' lang='lat' dir='ltr'>diutius</span> <span class='ocrx_word' id='word_1_442' title='bbox 2537 3439 2838 3502; x_wconf 83' lang='lat' dir='ltr'>nequeunt,</span> <span class='ocrx_word' id='word_1_443' title='bbox 2894 3447 3073 3503; x_wconf 88' lang='lat' dir='ltr'>neque</span> <span class='ocrx_word' id='word_1_444' title='bbox 3119 3431 3405 3504; x_wconf 89' lang='lat' dir='ltr'>episcopos</span> <span class='ocrx_word' id='word_1_445' title='bbox 3453 3430 3519 3486; x_wconf 91' lang='lat' dir='ltr'>de</span> 
     </span>
    </p>
   </div>
   <div class='ocr_carea' id='block_1_77' title="bbox 1913 3517 3516 3592">
    <p class='ocr_par' dir='ltr' id='par_1_77' title="bbox 1913 3517 3516 3592">
     <span class='ocr_line' id='line_1_77' title="bbox 1913 3517 3516 3592; baseline 0.001 -18"><span class='ocrx_word' id='word_1_446' title='bbox 1913 3521 2214 3591; x_wconf 85' lang='lat' dir='ltr'>longinquo</span> <span class='ocrx_word' id='word_1_447' title='bbox 2243 3519 2527 3574; x_wconf 88' lang='lat' dir='ltr'>venientes</span> <span class='ocrx_word' id='word_1_448' title='bbox 2558 3518 2784 3591; x_wconf 74' lang='lat' dir='ltr'>fatigare</span> <span class='ocrx_word' id='word_1_449' title='bbox 2816 3521 3035 3592; x_wconf 85' lang='lat' dir='ltr'>longius</span> <span class='ocrx_word' id='word_1_450' title='bbox 3060 3521 3287 3592; x_wconf 84' lang='lat' dir='ltr'>dignum</span> <span class='ocrx_word' id='word_1_451' title='bbox 3309 3527 3412 3586; x_wconf 84' lang='lat' dir='ltr'>est,</span> <span class='ocrx_word' id='word_1_452' title='bbox 3428 3517 3516 3575; x_wconf 84' lang='lat' dir='ltr'>de-</span> 
     </span>
    </p>
   </div>
   <div class='ocr_carea' id='block_1_78' title="bbox 1912 3607 3517 3665">
    <p class='ocr_par' dir='ltr' id='par_1_78' title="bbox 1912 3607 3517 3665">
     <span class='ocr_line' id='line_1_78' title="bbox 1912 3607 3517 3665; baseline -0.001 -2"><span class='ocrx_word' id='word_1_453' title='bbox 1912 3608 2482 3663; x_wconf 78' lang='lat' dir='ltr'>creveruntJoannem</span> <span class='ocrx_word' id='word_1_454' title='bbox 2516 3608 2914 3664; x_wconf 89' lang='lat' dir='ltr'>Tuscanensem</span> <span class='ocrx_word' id='word_1_455' title='bbox 2957 3617 3010 3664; x_wconf 92' lang='lat' dir='ltr'>et</span> <span class='ocrx_word' id='word_1_456' title='bbox 3047 3609 3310 3665; x_wconf 86' lang='lat' dir='ltr'>Joannem</span> <span class='ocrx_word' id='word_1_457' title='bbox 3341 3607 3517 3663; x_wconf 82' lang='lat' dir='ltr'>Areti-</span> 
     </span>
    </p>
   </div>
   <div class='ocr_carea' id='block_1_79' title="bbox 1913 3698 3516 3771">
    <p class='ocr_par' dir='ltr' id='par_1_79' title="bbox 1913 3698 3516 3771">
     <span class='ocr_line' id='line_1_79' title="bbox 1913 3698 3516 3771; baseline 0.002 -22"><span class='ocrx_word' id='word_1_458' title='bbox 1913 3712 2046 3750; x_wconf 91' lang='lat' dir='ltr'>num</span> <span class='ocrx_word' id='word_1_459' title='bbox 2079 3698 2415 3753; x_wconf 69' lang='lat' dir='ltr'>venerandos</span> <span class='ocrx_word' id='word_1_460' title='bbox 2445 3699 2750 3771; x_wconf 92' lang='lat' dir='ltr'>episcopos,</span> <span class='ocrx_word' id='word_1_461' title='bbox 2781 3700 2875 3771; x_wconf 90' lang='lat' dir='ltr'>qui</span> <span class='ocrx_word' id='word_1_462' title='bbox 2907 3700 3234 3771; x_wconf 65' lang='lat' dir='ltr'>legationem</span> <span class='ocrx_word' id='word_1_463' title='bbox 3269 3698 3516 3768; x_wconf 80' lang='lat' dir='ltr'>praefato-</span> 
     </span>
    </p>
   </div>
   <div class='ocr_carea' id='block_1_80' title="bbox 1911 3786 3517 3860">
    <p class='ocr_par' dir='ltr' id='par_1_80' title="bbox 1911 3786 3517 3860">
     <span class='ocr_line' id='line_1_80' title="bbox 1911 3786 3517 3860; baseline 0.001 -21"><span class='ocrx_word' id='word_1_464' title='bbox 1911 3801 2034 3840; x_wconf 84' lang='lat' dir='ltr'>rum</span> <span class='ocrx_word' id='word_1_465' title='bbox 2077 3786 2281 3855; x_wconf 90' lang='lat' dir='ltr'>pariter</span> <span class='ocrx_word' id='word_1_466' title='bbox 2324 3803 2449 3842; x_wconf 89' lang='lat' dir='ltr'>cum</span> <span class='ocrx_word' id='word_1_467' title='bbox 2495 3788 2666 3860; x_wconf 89' lang='lat' dir='ltr'>priori</span> <span class='ocrx_word' id='word_1_468' title='bbox 2717 3789 2986 3858; x_wconf 87' lang='lat' dir='ltr'>legatione</span> <span class='ocrx_word' id='word_1_469' title='bbox 3036 3787 3415 3860; x_wconf 81' lang='lat' dir='ltr'>suscipientes,</span> <span class='ocrx_word' id='word_1_470' title='bbox 3457 3801 3517 3842; x_wconf 89' lang='lat' dir='ltr'>ea</span> 
     </span>
    </p>
   </div>
   <div class='ocr_carea' id='block_1_81' title="bbox 1912 3878 3516 3954">
    <p class='ocr_par' dir='ltr' id='par_1_81' title="bbox 1912 3878 3516 3954">
     <span class='ocr_line' id='line_1_81' title="bbox 1912 3878 3516 3954; baseline 0.002 -21"><span class='ocrx_word' id='word_1_471' title='bbox 1912 3893 2031 3949; x_wconf 85' lang='lat' dir='ltr'>quae</span> <span class='ocrx_word' id='word_1_472' title='bbox 2052 3878 2352 3950; x_wconf 87' lang='lat' dir='ltr'>peragenda</span> <span class='ocrx_word' id='word_1_473' title='bbox 2371 3889 2522 3948; x_wconf 90' lang='lat' dir='ltr'>sunt,</span> <span class='ocrx_word' id='word_1_474' title='bbox 2545 3898 2670 3937; x_wconf 92' lang='lat' dir='ltr'>cum</span> <span class='ocrx_word' id='word_1_475' title='bbox 2684 3879 3199 3954; x_wconf 71' lang='lat' dir='ltr'>caeterisepiscOpis,</span> <span class='ocrx_word' id='word_1_476' title='bbox 3221 3897 3357 3954; x_wconf 87' lang='lat' dir='ltr'>quos</span> <span class='ocrx_word' id='word_1_477' title='bbox 3373 3897 3516 3936; x_wconf 85' lang='lat' dir='ltr'>com-</span> 
     </span>
    </p>
   </div>
   <div class='ocr_carea' id='block_1_82' title="bbox 1912 3969 3514 4043">
    <p class='ocr_par' dir='ltr' id='par_1_82' title="bbox 1912 3969 3514 4043">
     <span class='ocr_line' id='line_1_82' title="bbox 1912 3969 3514 4043; baseline 0.004 -23"><span class='ocrx_word' id='word_1_478' title='bbox 1912 3969 2067 4022; x_wconf 89' lang='lat' dir='ltr'>muni</span> <span class='ocrx_word' id='word_1_479' title='bbox 2090 3986 2360 4025; x_wconf 82' lang='lat' dir='ltr'>consensu</span> <span class='ocrx_word' id='word_1_480' title='bbox 2381 3971 2664 4043; x_wconf 71' lang='lat' dir='ltr'>elegerint,</span> <span class='ocrx_word' id='word_1_481' title='bbox 2690 3973 2807 4028; x_wconf 88' lang='lat' dir='ltr'>vice</span> <span class='ocrx_word' id='word_1_482' title='bbox 2827 3972 3078 4039; x_wconf 87' lang='lat' dir='ltr'>omnium</span> <span class='ocrx_word' id='word_1_483' title='bbox 3103 3969 3514 4042; x_wconf 86' lang='lat' dir='ltr'>episcoporum,</span> 
     </span>
    </p>
   </div>
   <div class='ocr_carea' id='block_1_83' title="bbox 1913 4055 3517 4133">
    <p class='ocr_par' dir='ltr' id='par_1_83' title="bbox 1913 4055 3517 4133">
     <span class='ocr_line' id='line_1_83' title="bbox 1913 4055 3517 4133; baseline 0.004 -23"><span class='ocrx_word' id='word_1_484' title='bbox 1913 4055 2181 4127; x_wconf 85' lang='lat' dir='ltr'>quidquid</span> <span class='ocrx_word' id='word_1_485' title='bbox 2199 4074 2295 4112; x_wconf 88' lang='lat' dir='ltr'>seu</span> <span class='ocrx_word' id='word_1_486' title='bbox 2327 4059 2384 4112; x_wconf 90' lang='lat' dir='ltr'>in</span> <span class='ocrx_word' id='word_1_487' title='bbox 2414 4060 2694 4116; x_wconf 83' lang='lat' dir='ltr'>evocando</span> <span class='ocrx_word' id='word_1_488' title='bbox 2723 4077 2820 4117; x_wconf 90' lang='lat' dir='ltr'>seu</span> <span class='ocrx_word' id='word_1_489' title='bbox 2845 4061 2903 4116; x_wconf 88' lang='lat' dir='ltr'>in</span> <span class='ocrx_word' id='word_1_490' title='bbox 2940 4059 3415 4133; x_wconf 87' lang='lat' dir='ltr'>contemptoribus</span> <span class='ocrx_word' id='word_1_491' title='bbox 3445 4059 3517 4116; x_wconf 85' lang='lat' dir='ltr'>fe-</span> 
     </span>
    </p>
   </div>
   <div class='ocr_carea' id='block_1_84' title="bbox 1912 4144 3516 4218">
    <p class='ocr_par' dir='ltr' id='par_1_84' title="bbox 1912 4144 3516 4218">
     <span class='ocr_line' id='line_1_84' title="bbox 1912 4144 3516 4218; baseline 0.004 -19"><span class='ocrx_word' id='word_1_492' title='bbox 1912 4144 2106 4199; x_wconf 90' lang='lat' dir='ltr'>riendo</span> <span class='ocrx_word' id='word_1_493' title='bbox 2136 4145 2476 4214; x_wconf 88' lang='lat' dir='ltr'>deﬁnierint,</span> <span class='ocrx_word' id='word_1_494' title='bbox 2508 4150 2811 4218; x_wconf 91' lang='lat' dir='ltr'>apostolica</span> <span class='ocrx_word' id='word_1_495' title='bbox 2839 4153 3167 4208; x_wconf 90' lang='lat' dir='ltr'>auctoritate</span> <span class='ocrx_word' id='word_1_496' title='bbox 3197 4150 3367 4206; x_wconf 90' lang='lat' dir='ltr'>libere</span> <span class='ocrx_word' id='word_1_497' title='bbox 3388 4149 3516 4207; x_wconf 86' lang='lat' dir='ltr'>deﬁ-</span> 
     </span>
    </p>
   </div>
   <div class='ocr_carea' id='block_1_85' title="bbox 1912 4233 3516 4308">
    <p class='ocr_par' dir='ltr' id='par_1_85' title="bbox 1912 4233 3516 4308">
     <span class='ocr_line' id='line_1_85' title="bbox 1912 4233 3516 4308; baseline 0.003 -20"><span class='ocrx_word' id='word_1_498' title='bbox 1912 4233 2086 4301; x_wconf 90' lang='lat' dir='ltr'>niant,</span> <span class='ocrx_word' id='word_1_499' title='bbox 2111 4241 2165 4289; x_wconf 89' lang='lat' dir='ltr'>et</span> <span class='ocrx_word' id='word_1_500' title='bbox 2185 4233 2456 4306; x_wconf 91' lang='lat' dir='ltr'>quidquid</span> <span class='ocrx_word' id='word_1_501' title='bbox 2474 4235 2575 4307; x_wconf 89' lang='lat' dir='ltr'>ipsi</span> <span class='ocrx_word' id='word_1_502' title='bbox 2598 4235 3050 4304; x_wconf 84' lang='lat' dir='ltr'>deliberaverint,</span> <span class='ocrx_word' id='word_1_503' title='bbox 3066 4236 3370 4294; x_wconf 89' lang='lat' dir='ltr'>etdomnus</span> <span class='ocrx_word' id='word_1_504' title='bbox 3391 4253 3516 4308; x_wconf 92' lang='lat' dir='ltr'>apo-</span> 
     </span>
    </p>
   </div>
   <div class='ocr_carea' id='block_1_86' title="bbox 1911 4323 3516 4381">
    <p class='ocr_par' dir='ltr' id='par_1_86' title="bbox 1911 4323 3516 4381">
     <span class='ocr_line' id='line_1_86' title="bbox 1911 4323 3516 4381; baseline 0.001 -2"><span class='ocrx_word' id='word_1_505' title='bbox 1911 4325 2138 4379; x_wconf 88' lang='lat' dir='ltr'>stolicus</span> <span class='ocrx_word' id='word_1_506' title='bbox 2162 4340 2285 4380; x_wconf 89' lang='lat' dir='ltr'>cum</span> <span class='ocrx_word' id='word_1_507' title='bbox 2308 4323 2462 4379; x_wconf 89' lang='lat' dir='ltr'>omni</span> <span class='ocrx_word' id='word_1_508' title='bbox 2483 4334 2672 4381; x_wconf 89' lang='lat' dir='ltr'>sancta</span> <span class='ocrx_word' id='word_1_509' title='bbox 2703 4324 2948 4381; x_wconf 77' lang='lat' dir='ltr'>Romana</span> <span class='ocrx_word' id='word_1_510' title='bbox 2980 4324 3225 4381; x_wconf 87' lang='lat' dir='ltr'>Ecclesia</span> <span class='ocrx_word' id='word_1_511' title='bbox 3254 4324 3516 4381; x_wconf 89' lang='lat' dir='ltr'>determi-</span> 
     </span>
    </p>
   </div>
   <div class='ocr_carea' id='block_1_87' title="bbox 1912 4415 3512 4492">
    <p class='ocr_par' dir='ltr' id='par_1_87' title="bbox 1912 4415 3512 4492">
     <span class='ocr_line' id='line_1_87' title="bbox 1912 4415 3512 4492; baseline 0 -18"><span class='ocrx_word' id='word_1_512' title='bbox 1912 4418 2066 4475; x_wconf 89' lang='lat' dir='ltr'>nabit</span> <span class='ocrx_word' id='word_1_513' title='bbox 2093 4427 2147 4475; x_wconf 89' lang='lat' dir='ltr'>et</span> <span class='ocrx_word' id='word_1_514' title='bbox 2176 4420 2234 4476; x_wconf 90' lang='lat' dir='ltr'>in</span> <span class='ocrx_word' id='word_1_515' title='bbox 2255 4426 2574 4492; x_wconf 90' lang='lat' dir='ltr'>perpetuum</span> <span class='ocrx_word' id='word_1_516' title='bbox 2610 4432 2927 4473; x_wconf 91' lang='lat' dir='ltr'>mansurum</span> <span class='ocrx_word' id='word_1_517' title='bbox 2956 4422 3160 4473; x_wconf 89' lang='lat' dir='ltr'>statuet</span> <span class='ocrx_word' id='word_1_518' title='bbox 3173 4423 3227 4472; x_wconf 88' lang='lat' dir='ltr'>et</span> <span class='ocrx_word' id='word_1_519' title='bbox 3245 4415 3512 4474; x_wconf 89' lang='lat' dir='ltr'>ﬁrmabit.</span> 
     </span>
    </p>
   </div>
   <div class='ocr_carea' id='block_1_88' title="bbox 2546 4539 2852 4598">
    <p class='ocr_par' dir='ltr' id='par_1_88' title="bbox 2546 4539 2852 4598">
     <span class='ocr_line' id='line_1_88' title="bbox 2546 4539 2852 4598; baseline -0.007 0"><span class='ocrx_word' id='word_1_520' title='bbox 2546 4541 2688 4598; x_wconf 86' lang='lat' dir='ltr'>CAP.</span> <span class='ocrx_word' id='word_1_521' title='bbox 2732 4539 2852 4597; x_wconf 81' lang='lat' dir='ltr'>VII.</span> 
     </span>
    </p>
   </div>
   <div class='ocr_carea' id='block_1_89' title="bbox 1981 4635 3513 4712">
    <p class='ocr_par' dir='ltr' id='par_1_89' title="bbox 1981 4635 3513 4712">
     <span class='ocr_line' id='line_1_89' title="bbox 1981 4635 3513 4712; baseline -0.003 -15"><span class='ocrx_word' id='word_1_522' title='bbox 1981 4640 2135 4698; x_wconf 90' lang='lat' dir='ltr'>Sicut</span> <span class='ocrx_word' id='word_1_523' title='bbox 2163 4638 2420 4696; x_wconf 88' lang='lat' dir='ltr'>dominus</span> <span class='ocrx_word' id='word_1_524' title='bbox 2456 4655 2594 4712; x_wconf 86' lang='lat' dir='ltr'>papa</span> <span class='ocrx_word' id='word_1_525' title='bbox 2613 4639 2848 4696; x_wconf 87' lang='lat' dir='ltr'>Joannes</span> <span class='ocrx_word' id='word_1_526' title='bbox 2875 4636 3079 4706; x_wconf 81' lang='lat' dir='ltr'>sanxit,</span> <span class='ocrx_word' id='word_1_527' title='bbox 3103 4635 3435 4694; x_wconf 87' lang='lat' dir='ltr'>connivente</span> <span class='ocrx_word' id='word_1_528' title='bbox 3457 4642 3513 4692; x_wconf 91' lang='lat' dir='ltr'>et</span> 
     </span>
    </p>
   </div>
   <div class='ocr_carea' id='block_1_90' title="bbox 1832 4727 3513 4803">
    <p class='ocr_par' dir='ltr' id='par_1_90' title="bbox 1832 4727 3513 4803">
     <span class='ocr_line' id='line_1_90' title="bbox 1832 4727 3513 4803; baseline -0.002 -16"><span class='ocrx_word' id='word_1_529' title='bbox 1832 4728 1880 4787; x_wconf 94' lang='lat' dir='ltr'><strong>D</strong></span> <span class='ocrx_word' id='word_1_530' title='bbox 1913 4732 2289 4789; x_wconf 88' lang='lat' dir='ltr'>consentiente</span> <span class='ocrx_word' id='word_1_531' title='bbox 2317 4737 2372 4786; x_wconf 90' lang='lat' dir='ltr'>et</span> <span class='ocrx_word' id='word_1_532' title='bbox 2399 4729 2776 4788; x_wconf 88' lang='lat' dir='ltr'>condecernen</span> <span class='ocrx_word' id='word_1_533' title='bbox 2788 4740 2836 4788; x_wconf 91' lang='lat' dir='ltr'>te</span> <span class='ocrx_word' id='word_1_534' title='bbox 2866 4731 3072 4788; x_wconf 91' lang='lat' dir='ltr'>domno</span> <span class='ocrx_word' id='word_1_535' title='bbox 3103 4736 3158 4786; x_wconf 92' lang='lat' dir='ltr'>et</span> <span class='ocrx_word' id='word_1_536' title='bbox 3185 4727 3513 4803; x_wconf 81' lang='lat' dir='ltr'>gloriosissi-</span> 
     </span>
    </p>
   </div>
   <div class='ocr_carea' id='block_1_91' title="bbox 1913 4821 3511 4898">
    <p class='ocr_par' dir='ltr' id='par_1_91' title="bbox 1913 4821 3511 4898">
     <span class='ocr_line' id='line_1_91' title="bbox 1913 4821 3511 4898; baseline -0.002 -17"><span class='ocrx_word' id='word_1_537' title='bbox 1913 4842 2004 4881; x_wconf 92' lang='lat' dir='ltr'>mo</span> <span class='ocrx_word' id='word_1_538' title='bbox 2034 4825 2231 4881; x_wconf 83' lang='lat' dir='ltr'>Carolo</span> <span class='ocrx_word' id='word_1_539' title='bbox 2262 4824 2589 4898; x_wconf 89' lang='lat' dir='ltr'>imperatore</span> <span class='ocrx_word' id='word_1_540' title='bbox 2619 4841 2832 4898; x_wconf 89' lang='lat' dir='ltr'>semper</span> <span class='ocrx_word' id='word_1_541' title='bbox 2869 4825 3138 4897; x_wconf 86' lang='lat' dir='ltr'>Augusto,</span> <span class='ocrx_word' id='word_1_542' title='bbox 3186 4821 3511 4894; x_wconf 89' lang='lat' dir='ltr'>Ansigisum</span> 
     </span>
    </p>
   </div>
   <div class='ocr_carea' id='block_1_92' title="bbox 1911 4913 3508 4988">
    <p class='ocr_par' dir='ltr' id='par_1_92' title="bbox 1911 4913 3508 4988">
     <span class='ocr_line' id='line_1_92' title="bbox 1911 4913 3508 4988; baseline -0.001 -18"><span class='ocrx_word' id='word_1_543' title='bbox 1911 4915 2279 4971; x_wconf 86' lang='lat' dir='ltr'>venerabilem</span> <span class='ocrx_word' id='word_1_544' title='bbox 2310 4915 2648 4988; x_wconf 91' lang='lat' dir='ltr'>episcopum,</span> <span class='ocrx_word' id='word_1_545' title='bbox 2689 4916 2966 4971; x_wconf 89' lang='lat' dir='ltr'>Senonum</span> <span class='ocrx_word' id='word_1_546' title='bbox 3008 4913 3508 4987; x_wconf 86' lang='lat' dir='ltr'>archiepiscopum,</span> 
     </span>
    </p>
   </div>
   <div class='ocr_carea' id='block_1_93' title="bbox 1912 4999 3514 5076">
    <p class='ocr_par' dir='ltr' id='par_1_93' title="bbox 1912 4999 3514 5076">
     <span class='ocr_line' id='line_1_93' title="bbox 1912 4999 3514 5076; baseline -0.006 -17"><span class='ocrx_word' id='word_1_547' title='bbox 1912 5020 2065 5059; x_wconf 91' lang='lat' dir='ltr'>suam</span> <span class='ocrx_word' id='word_1_548' title='bbox 2087 5005 2263 5061; x_wconf 54' lang='lat' dir='ltr'>vicem</span> <span class='ocrx_word' id='word_1_549' title='bbox 2293 5015 2495 5072; x_wconf 89' lang='lat' dir='ltr'>tenere,</span> <span class='ocrx_word' id='word_1_550' title='bbox 2528 5015 2582 5061; x_wconf 93' lang='lat' dir='ltr'>et</span> <span class='ocrx_word' id='word_1_551' title='bbox 2611 5004 2906 5076; x_wconf 90' lang='lat' dir='ltr'>primatum</span> <span class='ocrx_word' id='word_1_552' title='bbox 2930 5003 2978 5058; x_wconf 88' lang='lat' dir='ltr'>ei</span> <span class='ocrx_word' id='word_1_553' title='bbox 3001 5002 3192 5059; x_wconf 67' lang='lat' dir='ltr'>Galliae</span> <span class='ocrx_word' id='word_1_554' title='bbox 3214 5009 3268 5056; x_wconf 94' lang='lat' dir='ltr'>et</span> <span class='ocrx_word' id='word_1_555' title='bbox 3289 4999 3514 5055; x_wconf 85' lang='lat' dir='ltr'>Germa-</span> 
     </span>
    </p>
   </div>
   <div class='ocr_carea' id='block_1_94' title="bbox 1911 5091 3511 5168">
    <p class='ocr_par' dir='ltr' id='par_1_94' title="bbox 1911 5091 3511 5168">
     <span class='ocr_line' id='line_1_94' title="bbox 1911 5091 3511 5168; baseline -0.006 -17"><span class='ocrx_word' id='word_1_556' title='bbox 1911 5095 2019 5151; x_wconf 64' lang='lat' dir='ltr'>niae</span> <span class='ocrx_word' id='word_1_557' title='bbox 2047 5095 2285 5152; x_wconf 90' lang='lat' dir='ltr'>contulit</span> <span class='ocrx_word' id='word_1_558' title='bbox 2315 5095 2371 5151; x_wconf 93' lang='lat' dir='ltr'>in</span> <span class='ocrx_word' id='word_1_559' title='bbox 2396 5095 2675 5152; x_wconf 86' lang='lat' dir='ltr'>evocanda</span> <span class='ocrx_word' id='word_1_560' title='bbox 2707 5095 2919 5168; x_wconf 81' lang='lat' dir='ltr'>synodo</span> <span class='ocrx_word' id='word_1_561' title='bbox 2940 5104 2994 5150; x_wconf 92' lang='lat' dir='ltr'>et</span> <span class='ocrx_word' id='word_1_562' title='bbox 3016 5091 3332 5148; x_wconf 91' lang='lat' dir='ltr'>deﬁniendo</span> <span class='ocrx_word' id='word_1_563' title='bbox 3352 5102 3511 5144; x_wconf 84' lang='lat' dir='ltr'>cano-</span> 
     </span>
    </p>
   </div>
   <div class='ocr_carea' id='block_1_95' title="bbox 1914 5183 3510 5256">
    <p class='ocr_par' dir='ltr' id='par_1_95' title="bbox 1914 5183 3510 5256">
     <span class='ocr_line' id='line_1_95' title="bbox 1914 5183 3510 5256; baseline -0.005 -17"><span class='ocrx_word' id='word_1_564' title='bbox 1914 5184 2035 5240; x_wconf 91' lang='lat' dir='ltr'>nice</span> <span class='ocrx_word' id='word_1_565' title='bbox 2065 5185 2109 5239; x_wconf 92' lang='lat' dir='ltr'>si</span> <span class='ocrx_word' id='word_1_566' title='bbox 2140 5186 2399 5256; x_wconf 70' lang='lat' dir='ltr'>quaelibet</span> <span class='ocrx_word' id='word_1_567' title='bbox 2430 5186 2834 5241; x_wconf 79' lang='lat' dir='ltr'>insurrexerint</span> <span class='ocrx_word' id='word_1_568' title='bbox 2871 5183 3198 5251; x_wconf 88' lang='lat' dir='ltr'>necessaria,</span> <span class='ocrx_word' id='word_1_569' title='bbox 3226 5188 3281 5236; x_wconf 85' lang='lat' dir='ltr'>et</span> <span class='ocrx_word' id='word_1_570' title='bbox 3307 5185 3368 5233; x_wconf 88' lang='lat' dir='ltr'>ut</span> <span class='ocrx_word' id='word_1_571' title='bbox 3396 5191 3510 5249; x_wconf 81' lang='lat' dir='ltr'>gra-</span> 
     </span>
    </p>
   </div>
   <div class='ocr_carea' id='block_1_96' title="bbox 1915 5267 3514 5344">
    <p class='ocr_par' dir='ltr' id='par_1_96' title="bbox 1915 5267 3514 5344">
     <span class='ocr_line' id='line_1_96' title="bbox 1915 5267 3514 5344; baseline -0.003 -18"><span class='ocrx_word' id='word_1_572' title='bbox 1915 5273 2070 5328; x_wconf 88' lang='lat' dir='ltr'>viora</span> <span class='ocrx_word' id='word_1_573' title='bbox 2099 5273 2166 5328; x_wconf 90' lang='lat' dir='ltr'>ad</span> <span class='ocrx_word' id='word_1_574' title='bbox 2201 5273 2374 5344; x_wconf 92' lang='lat' dir='ltr'>ipsius</span> <span class='ocrx_word' id='word_1_575' title='bbox 2418 5293 2454 5330; x_wconf 90' lang='lat' dir='ltr'>n</span> <span class='ocrx_word' id='word_1_576' title='bbox 2482 5276 2672 5330; x_wconf 79' lang='lat' dir='ltr'>titiam</span> <span class='ocrx_word' id='word_1_577' title='bbox 2715 5274 2933 5341; x_wconf 87' lang='lat' dir='ltr'>referat,</span> <span class='ocrx_word' id='word_1_578' title='bbox 2970 5279 3024 5327; x_wconf 91' lang='lat' dir='ltr'>et</span> <span class='ocrx_word' id='word_1_579' title='bbox 3050 5288 3152 5327; x_wconf 90' lang='lat' dir='ltr'>nos</span> <span class='ocrx_word' id='word_1_580' title='bbox 3178 5267 3514 5326; x_wconf 89' lang='lat' dir='ltr'>unanimiter</span> 
     </span>
    </p>
   </div>
   <div class='ocr_carea' id='block_1_97' title="bbox 1915 5359 3511 5433">
    <p class='ocr_par' dir='ltr' id='par_1_97' title="bbox 1915 5359 3511 5433">
     <span class='ocr_line' id='line_1_97' title="bbox 1915 5359 3511 5433; baseline -0.004 -14"><span class='ocrx_word' id='word_1_581' title='bbox 1915 5363 2067 5419; x_wconf 89' lang='lat' dir='ltr'>omni</span> <span class='ocrx_word' id='word_1_582' title='bbox 2108 5363 2402 5419; x_wconf 87' lang='lat' dir='ltr'>devotione</span> <span class='ocrx_word' id='word_1_583' title='bbox 2442 5364 2747 5432; x_wconf 89' lang='lat' dir='ltr'>laudamus,</span> <span class='ocrx_word' id='word_1_584' title='bbox 2790 5371 2843 5419; x_wconf 91' lang='lat' dir='ltr'>et</span> <span class='ocrx_word' id='word_1_585' title='bbox 2873 5371 2935 5419; x_wconf 90' lang='lat' dir='ltr'>ut</span> <span class='ocrx_word' id='word_1_586' title='bbox 2963 5362 3039 5417; x_wconf 91' lang='lat' dir='ltr'>ita</span> <span class='ocrx_word' id='word_1_587' title='bbox 3065 5361 3181 5433; x_wconf 90' lang='lat' dir='ltr'>ipse</span> <span class='ocrx_word' id='word_1_588' title='bbox 3213 5359 3511 5432; x_wconf 88' lang='lat' dir='ltr'>primatum</span> 
     </span>
    </p>
   </div>
   <div class='ocr_carea' id='block_1_98' title="bbox 1916 5449 3508 5513">
    <p class='ocr_par' dir='ltr' id='par_1_98' title="bbox 1916 5449 3508 5513">
     <span class='ocr_line' id='line_1_98' title="bbox 1916 5449 3508 5513; baseline -0.004 0"><span class='ocrx_word' id='word_1_589' title='bbox 1916 5461 2098 5513; x_wconf 88' lang='lat' dir='ltr'>teneat</span> <span class='ocrx_word' id='word_1_590' title='bbox 2125 5453 2317 5510; x_wconf 66' lang='lat' dir='ltr'>Gallia</span> <span class='ocrx_word' id='word_1_591' title='bbox 2346 5461 2400 5510; x_wconf 87' lang='lat' dir='ltr'>et</span> <span class='ocrx_word' id='word_1_592' title='bbox 2423 5454 2728 5510; x_wconf 83' lang='lat' dir='ltr'>Germaniae</span> <span class='ocrx_word' id='word_1_593' title='bbox 2761 5452 3108 5509; x_wconf 89' lang='lat' dir='ltr'>decernimus</span> <span class='ocrx_word' id='word_1_594' title='bbox 3135 5458 3189 5507; x_wconf 88' lang='lat' dir='ltr'>et</span> <span class='ocrx_word' id='word_1_595' title='bbox 3212 5449 3508 5508; x_wconf 86' lang='lat' dir='ltr'>sancimus.</span> 
     </span>
    </p>
   </div>
   <div class='ocr_carea' id='block_1_99' title="bbox 2567 5560 2870 5618">
    <p class='ocr_par' dir='ltr' id='par_1_99' title="bbox 2567 5560 2870 5618">
     <span class='ocr_line' id='line_1_99' title="bbox 2567 5560 2870 5618; baseline -0.007 -1"><span class='ocrx_word' id='word_1_596' title='bbox 2567 5560 2696 5618; x_wconf 87' lang='lat' dir='ltr'>CAP.</span> <span class='ocrx_word' id='word_1_597' title='bbox 2725 5560 2870 5618; x_wconf 84' lang='lat' dir='ltr'>VIII.</span> 
     </span>
    </p>
   </div>
   <div class='ocr_carea' id='block_1_100' title="bbox 1987 5658 3512 5737">
    <p class='ocr_par' dir='ltr' id='par_1_100' title="bbox 1987 5658 3512 5737">
     <span class='ocr_line' id='line_1_100' title="bbox 1987 5658 3512 5737; baseline -0.006 -18"><span class='ocrx_word' id='word_1_598' title='bbox 1987 5661 2272 5736; x_wconf 87' lang='lat' dir='ltr'>Synodum</span> <span class='ocrx_word' id='word_1_599' title='bbox 2321 5677 2486 5737; x_wconf 88' lang='lat' dir='ltr'>quam</span> <span class='ocrx_word' id='word_1_600' title='bbox 2535 5662 2771 5719; x_wconf 89' lang='lat' dir='ltr'>domnus</span> <span class='ocrx_word' id='word_1_601' title='bbox 2812 5661 3048 5717; x_wconf 88' lang='lat' dir='ltr'>Joannes</span> <span class='ocrx_word' id='word_1_602' title='bbox 3089 5658 3420 5732; x_wconf 89' lang='lat' dir='ltr'>apostolicus</span> <span class='ocrx_word' id='word_1_603' title='bbox 3458 5661 3512 5713; x_wconf 89' lang='lat' dir='ltr'>et</span> 
     </span>
    </p>
   </div>
   <div class='ocr_carea' id='block_1_101' title="bbox 1917 5751 3509 5827">
    <p class='ocr_par' dir='ltr' id='par_1_101' title="bbox 1917 5751 3509 5827">
     <span class='ocr_line' id='line_1_101' title="bbox 1917 5751 3509 5827; baseline -0.003 -18"><span class='ocrx_word' id='word_1_604' title='bbox 1917 5753 2249 5812; x_wconf 89' lang='lat' dir='ltr'>universalis</span> <span class='ocrx_word' id='word_1_605' title='bbox 2287 5770 2426 5827; x_wconf 90' lang='lat' dir='ltr'>papa</span> <span class='ocrx_word' id='word_1_606' title='bbox 2469 5769 2634 5827; x_wconf 90' lang='lat' dir='ltr'>super</span> <span class='ocrx_word' id='word_1_607' title='bbox 2678 5751 3043 5827; x_wconf 88' lang='lat' dir='ltr'>quorumdam</span> <span class='ocrx_word' id='word_1_608' title='bbox 3086 5751 3509 5824; x_wconf 88' lang='lat' dir='ltr'>depositiouem,</span> 
     </span>
    </p>
   </div>
  </div>
