4078 6182
535 376 675 436 1127

531 523 783 584 Formosi
834 519 1048 578 scilicet
1099 515 1417 573 Portuensis
1468 513 1733 585 episcopi,
1783 518 1836 566 et
1883 509 2132 582 Gregorii
2161 523 2211 580 Α

531 609 1033 675 Nomenculatoris,
1073 623 1169 662 seu
1214 613 1268 660 et
1316 601 1581 675 Stephani
1631 599 2028 667 Secundicerii,
2079 606 2134 654 et

534 702 753 774 Georgii
795 697 1114 764 Vesterarii,
1158 703 1592 763 caterorumque
1637 705 1862 745 suorum
1907 685 2134 758 compli-

533 809 684 859 cum,
716 790 860 846 sicut
891 788 947 842 in
986 785 1216 858 epistola
1245 782 1419 856 ipsius
1448 781 1516 836 ad
1549 797 1646 835 nos
1686 779 1849 834 missa
1890 776 2134 832 contine-

534 891 644 948 tur,
704 895 881 951 nuper
929 876 1191 942 instituit,
1243 882 1296 930 et
1340 889 1440 928 nos
1484 869 1784 927 secundum
1830 866 2133 941 jussionem

539 974 737 1046 ipsius,
771 971 828 1025 in
860 969 1016 1024 nullo
1049 985 1080 1023 a
1115 965 1293 1036 capite
1341 963 1689 1028 dissidentes,
1741 957 2135 1016 consentiendo

535 1060 909 1126 decernimus,
941 1055 1310 1127 omnibusque
1339 1051 1658 1125 apostolicis
1701 1049 1853 1105 illius
1900 1048 2135 1105 sanctio-

536 1151 702 1207 nibus
732 1167 830 1222 per
862 1150 1053 1206 omnia
1081 1154 1334 1220 parentes
1363 1147 1508 1203 sicut
1536 1145 1690 1202 decet
1716 1143 2023 1200 obedimus.

1575 356 1834 416 ODONIS
1879 347 2458 412 BELLOVACENSIS
2497 346 2810 407 EPISCOPI

3700 344 3834 404 H28

2904 497 3035 556 CAP.
3068 495 3166 554 IX.

2313 597 2612 656 Censuram
2640 608 2771 650 vero
2817 607 2981 664 quam
3021 588 3259 645 domnus
3302 586 3638 660 apostolicus
3682 604 3836 660 super

2243 686 2636 743 nefandissima
2664 692 2782 739 acta
2804 678 3070 736 Ludovici
3104 677 3244 750 regis
3274 685 3326 733 et
3356 676 3697 748 complicum
3727 677 3836 748 ejus

2245 777 2350 832 nisi
2385 774 2728 848 resipuerint,
2747 769 3056 829 etdebitam
3084 767 3457 823 obedientiam
3485 766 3601 821 sedi
3631 777 3834 838 aposto-

2243 868 2362 923 lica
2391 864 2768 930 exhibuerint,
2801 860 2996 917 statuit
3024 868 3077 914 et
3108 857 3372 923 ﬁrmavit,
3405 872 3599 912 omnes
3628 872 3732 910 nos
3750 857 3834 928 qui

2241 957 2308 1013 ad
2340 963 2660 1030 praesentem
2686 950 2960 1025 synodum
2989 947 3353 1005 convenimus
3383 945 3728 1002 unanimiter
3755 945 3835 1001 de-

2240 1047 2517 1105 cernimus
2543 1052 2705 1117 atque
2735 1042 3038 1097 ﬁrmamus.

1813 1262 3272 1289 Μ

1447 1375 1993 1489 ODONIS
2089 1365 2936 1480 INSTITUTIO

1297 1563 1392 1620 DE
1434 1558 1658 1619 REBUS
1700 1557 1756 1616 S.
1798 1555 2025 1613 PETRI.
2066 1547 2641 1612 CONGREGATIONI
2681 1543 3093 1604 DESTINATIS

1210 1682 1292 1744 Et
1347 1683 1423 1745 de
1485 1671 2040 1758 quinquagenaria
2085 1670 2153 1736 in
2214 1685 2294 1733 ea
2353 1683 2624 1731 numero
2685 1662 3175 1731 canon-iceram.

1823 1795 1988 1868 Apud
2029 1791 2221 1860 Labb.,
2265 1799 2399 1846 tom.
2440 1789 2566 1861 1x.)

610 2001 731 2058 Ono
757 2000 932 2071 gratia
959 1997 1184 2056 Domini
1215 1995 1392 2051 nostri
1415 1995 1543 2050 Jesu
1563 1990 1766 2050 Christi
1788 1990 2138 2045 Bellovacen-
2170 1991 2214 2049 B
2247 1986 2376 2042 diua
2405 1984 2514 2040 duo
2543 1993 2596 2040 et
2629 1983 2849 2040 cambas
2880 1999 2940 2051 II,
2973 1989 3027 2039 et
3056 1981 3246 2038 hortos
3273 1980 3452 2038 cultos
3485 1997 3545 2049 ιι,
3577 1988 3630 2037 et
3665 1979 3834 2038 curti-

540 2091 616 2145 sis
641 2089 899 2145 Ecclesia
931 2087 1149 2159 prasul.

609 2181 811 2237 Notum
843 2178 915 2234 sit
944 2177 1203 2232 omnibus
1235 2181 1433 2231 sanctae
1450 2172 1550 2229 Dei
1570 2171 1829 2228 Ecclesia
1859 2169 2134 2236 ﬁdelibus,

542 2269 888 2341 maximeque
913 2265 1321 2323 successoribus
1367 2263 1589 2329 nostris,
1637 2260 1897 2334 quoniam
1945 2258 2138 2314 unani-

542 2361 648 2416 mis
679 2357 1027 2431 congregatio
1058 2356 1283 2429 parique
1323 2361 1472 2421 voto,
1523 2351 1736 2408 scilicet
1781 2347 2034 2406 canonici
2080 2347 2136 2402 S.

539 2449 687 2506 Petri
713 2448 826 2520 jam
859 2449 984 2503 fata
1016 2446 1299 2513 Ecclesia,
1332 2443 1424 2500 cui
1453 2445 1565 2498 Deo
1604 2448 1825 2496 auctore
1865 2437 2136 2504 deservio,

539 2538 776 2610 expetiit
805 2545 1048 2594 nostram
1082 2536 1287 2592 obnixe
1323 2532 1707 2588 liberalitatem
1751 2537 2018 2601 quatenus
2054 2542 2140 2582 res

541 2628 648 2683 sibi
680 2644 711 2681 a
746 2627 951 2682 nostris
982 2622 1472 2697 pradecessoribus
1496 2621 1656 2692 juxta
1683 2619 1926 2676 conﬁnia
1957 2618 2138 2688 singu-

543 2719 721 2773 larum
748 2732 1051 2784 concessas,
1081 2715 1392 2788 pariterque
1431 2721 1616 2767 nostra
1661 2710 1767 2765 sibi
1811 2707 2140 2765 solidatione

542 2807 805 2872 ﬁrmatas,
844 2803 1128 2870 canonice,
1165 2801 1327 2872 juxta
1363 2801 1598 2856 aliarum
1633 2815 1841 2854 morem
1870 2797 2140 2854 Ecclesia-

540 2910 688 2959 rum,
725 2891 871 2946 dono
901 2889 1269 2955 liberalitatis,
1317 2888 1566 2959 regisque
1615 2894 1904 2958 pracepto,
1937 2887 2140 2958 absque

541 2983 713 3039 ullius
739 2979 1179 3038 contradictione
1210 2976 1432 3049 quietis,
1478 2992 1734 3031 concessa
1769 2975 2135 3046 disponerem.

542 3071 843 3128 Enimvero
866 3069 1062 3126 videns
1083 3066 1347 3123 excedere
1369 3063 1685 3136 hujusmodi
1708 3063 1990 3135 negotium
2009 3080 2140 3119 mea

543 3159 891 3220 solummodo
946 3156 1299 3216 diﬁinitionis
1353 3156 1519 3223 vires,
1587 3154 1901 3227 pariterque
1971 3153 2141 3225 gratia

541 3250 763 3324 superni
793 3247 1014 3306 consilii
1048 3251 1325 3319 praeeunte
1355 3243 1654 3318 providens
1675 3243 1789 3316 jam
1817 3243 1980 3300 dicta
2012 3259 2140 3299 con-

543 3339 841 3416 gregationi
873 3338 979 3394 sibi
1013 3337 1299 3409 profutura
1331 3350 1592 3408 quarere,
1624 3342 1676 3389 et
1708 3334 1821 3389 illis
1849 3349 2012 3405 super
2038 3332 2144 3389 hoc

541 3447 823 3488 assensum
859 3426 1174 3502 prabendo,
1208 3428 1409 3484 timens
1440 3443 1506 3482 ne
1537 3425 1708 3481 ovilia
1737 3423 2002 3482 dominici
2028 3440 2139 3496 gre-

545 3518 647 3595 gis,
679 3520 826 3594 quod
856 3519 1019 3587 absit,
1050 3518 1343 3590 tyrannica
1370 3517 1807 3588 irrumperentur
1848 3513 2141 3587 aliquando

543 3609 918 3677 infestatione,
951 3607 1180 3678 expetii,
1211 3605 1506 3662 consilium
1551 3614 1661 3660 tam
1706 3605 2141 3676 metropolitana

544 3702 882 3758 Rhemorum
914 3696 1215 3771 provincia
1259 3695 1564 3763 Hincmari,
1613 3710 1776 3767 quam
1819 3702 2141 3750 caterorum

542 3789 946 3846 venerabilium
999 3787 1261 3843 videlicet
1305 3785 1863 3858 archiepiscoporum,
1913 3799 2008 3840 seu
2056 3801 2142 3840 co-

543 3879 927 3952 episcoporum
953 3893 1222 3944 meorum,
1255 3884 1316 3931 ut
1365 3891 1602 3947 quorum
1649 3873 1933 3929 sanctione
1980 3873 2145 3930 eccle-

543 3969 765 4024 siastica
796 3973 1200 4039 pertractantur
1229 3964 1467 4036 negotia,
1499 3978 1690 4018 eorum
1720 3962 1949 4031 taxatio,
1975 3961 2143 4034 inspi-

545 4066 701 4116 rante
731 4058 904 4129 gratia
934 4054 1157 4127 superni
1186 4053 1450 4122 numinis,
1477 4052 1614 4108 mihi
1631 4062 1938 4126 nostraque
1957 4053 2144 4110 Eccle'

543 4146 637 4204 sia
669 4146 804 4203 utile
834 4145 1053 4201 afferret
1081 4160 1144 4200 ac
1174 4143 1393 4200 salubre
1425 4141 2142 4216 proventum.Quorumque

541 4236 802 4296 consultu
835 4235 948 4291 adii
978 4234 1213 4306 piissimi
1254 4233 1438 4292 Caroli
1473 4233 1614 4304 regis
1660 4233 2031 4302 serenitatem,
2080 4240 2141 4288 ut

541 4329 704 4386 solita
730 4323 1107 4383 misericordia
1131 4340 1248 4393 sua,
1275 4323 1416 4380 sicut
1438 4324 1696 4380 omnibus
1725 4323 1927 4397 ubique
1957 4339 2138 4396 super-

541 4438 625 4478 na
657 4418 927 4491 majestati
960 4416 1377 4484 famulantibus,
1415 4415 1492 4472 ita
1519 4415 1651 4474 huic
1678 4417 1936 4474 Ecclesia
1976 4417 2136 4486 mihi,

543 4510 720 4567 nullis
771 4507 1207 4582 praecedentibus
1252 4505 1483 4575 meritis,
1533 4505 1603 4562 ad
1651 4506 1947 4579 regendum
1996 4523 2140 4564 com-

542 4599 723 4655 missa
754 4599 1042 4671 profutura
1062 4595 1246 4668 quiete
1267 4594 1612 4667 pravideret,
1627 4611 1753 4652 cum
1775 4596 2142 4668 praeceptione

541 4688 732 4745 solida
777 4687 1078 4744 ﬁrmitatis.
1109 4684 1204 4739 Ille
1231 4701 1380 4754 vero,
1428 4687 1665 4757 gratuita
1706 4701 1805 4742 sua
1850 4685 2142 4742 clementia

2249 2076 2403 2132 culos
2433 2091 2489 2142 x,
2521 2081 2738 2146 pratum
2772 2089 2970 2128 unum.
3017 2072 3322 2128 Preeariam
3361 2071 3456 2127 ubi
3501 2080 3630 2126 sunt
3669 2071 3830 2126 mansi

2253 2180 2410 2232 xxiv,
2444 2163 2498 2218 S.
2532 2179 2694 2235 quam
2725 2162 3038 2233 Sigebertus
3080 2169 3229 2218 tenet
3278 2177 3402 2217 cum
3442 2177 3629 2217 censu.
3688 2161 3832 2217 Obse

2249 2259 2465 2306 crantes
2485 2259 2546 2306 ut
2567 2252 2756 2307 nullus
2774 2266 3149 2307 successorum
3175 2258 3515 2314 nostrorum,
3547 2249 3700 2323 quod
3740 2252 3833 2306 Deo

2250 2351 2470 2400 auctore
2495 2360 2526 2398 a
2555 2342 2714 2398 nobis
2739 2343 3102 2400 constitutum
3133 2350 3236 2408 est,
3266 2341 3467 2397 exinde
3507 2341 3724 2415 aliquid
3750 2342 3832 2396 mi~

2250 2435 2469 2491 nuendo
2500 2434 2807 2502 subtrahat,
2841 2451 2941 2491 nec
2967 2435 3082 2491 suis
3118 2435 3354 2507 propriis
3386 2450 3726 2506 suorumque
3743 2433 3834 2489 usi-

2250 2525 2350 2581 bus
2379 2525 2589 2598 aliquid
2607 2525 2975 2596 impertiatur.
3010 2524 3117 2581 Sed
3149 2524 3266 2582 hac
3295 2541 3414 2597 qua
3440 2525 3636 2580 divino
3666 2539 3834 2580 amore

2250 2623 2302 2670 et
2331 2615 2640 2670 animarum
2673 2616 2848 2670 salute
2879 2615 3239 2687 patravimus,
3280 2615 3608 2671 inconcussa
3653 2614 3834 2670 obser-

2249 2711 2404 2769 vent,
2427 2705 2692 2776 aqualem
2714 2711 2770 2760 et
2794 2720 2960 2760 unam
2993 2703 3283 2760 nobiscum
3313 2721 3344 2759 a
3366 2705 3607 2759 Domino
3635 2720 3834 2759 merce—

2249 2793 2372 2848 dem
2424 2801 2724 2865 sperantes.
2771 2794 3044 2850 Numerus
3089 2810 3220 2850 vero
3265 2794 3659 2850 canonicorum
3712 2792 3832 2848 inibi

2249 2883 2563 2954 degentium
2592 2885 2870 2953 volumus,
2902 2892 3064 2957 atque
3092 2900 3344 2956 expresse
3396 2884 3728 2940 consolidari
3765 2882 3835 2936 ni-

2250 2974 2442 3044 timur,
2476 2976 2583 3032 nisi
2607 2991 2691 3032 res
2711 2975 3002 3045 addantur,
3033 2975 3178 3031 unde
3208 2975 3438 3032 facultas
3468 2974 3835 3030 subministre-

2251 3073 2360 3133 tur,
2412 3083 2524 3122 non
2570 3066 2918 3124 transcendat
2976 3065 3338 3139 quantitatem
3393 3065 3834 3139 quinquagenarii

2251 3157 2487 3211 numeri.
2522 3157 2728 3214 Verum
2775 3167 2829 3214 et
2871 3173 2996 3213 cum
3044 3157 3280 3229 quilibet
3320 3157 3517 3213 divina
3558 3156 3834 3212 vocatione

2250 3245 2562 3315 decesserit,
2592 3248 2734 3304 alius
2783 3248 3126 3320 subrogetur,
3173 3265 3240 3304 ne
3277 3248 3538 3321 prafatus
3585 3263 3833 3303 numerus

2252 3334 2554 3391 minuatur.
2591 3337 2661 3391 Et
2699 3345 2761 3392 ut
2789 3337 2956 3393 etiam
2982 3345 3181 3394 nostra
3211 3337 3526 3394 devotionis
3551 3338 3834 3394 auctoritas

2251 3421 2550 3480 ﬁrmiorem
2597 3424 2843 3482 obtineat
2890 3426 3156 3499 vigorem,
3201 3443 3315 3482 non
3358 3427 3535 3483 solum
3580 3432 3832 3498 pracepto

2251 3513 2434 3584 magni
2464 3521 2517 3569 et
2553 3514 2787 3586 piissimi
2820 3515 2999 3572 Caroli
3029 3515 3188 3588 regis,
3233 3533 3426 3572 verum
3461 3515 3627 3572 etiam
3657 3516 3832 3572 domi-

2252 3617 2448 3657 norum
2472 3603 2693 3659 Patrum
2708 3605 3215 3680 venerabiliumque
3225 3609 3670 3681 coepiscoporum
3689 3624 3832 3664 meo-

2255 3708 2397 3760 rum,
2450 3710 2682 3766 quorum
2738 3711 3011 3753 consensu
3061 3697 3163 3753 ista
3212 3699 3543 3770 peregimus,
3589 3698 3832 3755 canonica

2253 3782 2578 3838 auctoritate
2607 3783 2862 3842 roborare
2890 3785 3093 3842 obnixe
3123 3785 3489 3844 decrevimus.

2326 3871 2652 3928 Hincmarus
2681 3883 2879 3932 sancta
2900 3876 3220 3949 metropolis
3232 3877 3493 3935 Ecclesia
3515 3877 3831 3934 Rhemorum

2254 3960 2698 4036 archiepiscopus
2730 3965 3049 4038 subscripsi.

2323 4053 2621 4127 Ansegisus
2651 4055 2927 4114 Senonum
2957 4058 3402 4133 archiepiscopus
3431 4059 3614 4118 subsc.

2324 4144 2546 4203 Wenilo
2573 4145 3098 4220 Rothomageusium
3128 4147 3573 4222 archiepiscopus
3612 4142 3831 4203 subscri-

2251 4252 2353 4309 ps1.

2323 4325 2608 4384 Rothadus
2636 4325 2972 4385 Suessonica
3001 4328 3261 4386 Ecclesia
3287 4328 3458 4402 episc.
3490 4328 3696 4387 subscr.

2319 4415 2495 4470 Immo
2523 4413 2975 4488 Noviomagensis
3003 4417 3263 4474 Ecclesia
3294 4419 3460 4490 episc.
3499 4417 3706 4474 subscr.

2321 4503 2508 4577 Lupus
2538 4504 2904 4562 Catalaunica
2934 4507 3178 4566 civitatis
3206 4509 3494 4582 episcopus
3524 4507 3733 4565 subscr.

2322 4596 2616 4652 Folcoinus
2645 4597 2888 4654 civitatis
2916 4597 3242 4655 Morinensis
3273 4599 3441 4672 episc.
3473 4599 3676 4655 subscr.

2323 4689 2692 4750 Theodericus
2755 4693 3014 4752 Ecclesia
3077 4694 3483 4754 Cameracensis
3558 4695 3838 4769 episcopus

543 4775 798 4850 precibus
832 4772 1036 4830 nostris
1072 4773 1224 4844 pium
1256 4773 1502 4845 prabens
1541 4789 1842 4843 assensum,
1893 4774 2136 4832 decrevit
2171 4761 2220 4821 D
2247 4778 2562 4854 subscripsi.

539 4866 950 4928 ordinatissima
975 4883 1073 4922 sua
1097 4868 1422 4924 auctoritate
1451 4868 1648 4924 stabile
1685 4870 1800 4925 fore
1846 4870 1993 4943 quod
2041 4889 2134 4928 no-

537 4969 648 5017 stra
679 4958 844 5014 etiam
877 4956 1134 5029 praevidit
1163 4957 1569 5014 benevolentia.
1614 4959 1768 5015 Unde
1799 4961 2134 5018 necessitati-

536 5050 639 5107 bus
677 5049 798 5122 jam
844 5049 1004 5106 dicta
1056 5057 1256 5104 nostra
1306 5049 1747 5120 congregationis
1793 5050 2133 5108 destinamus

534 5138 800 5198 canonica
830 5137 1182 5194 institutione
1211 5137 1438 5192 villulas
1469 5137 1613 5193 infra
1643 5139 1874 5210 scriptas
1909 5139 1967 5194 in
1997 5156 2132 5211 pago

535 5232 943 5301 Bellovacense,
972 5246 1098 5288 eum
1130 5230 1387 5285 omnibus
1415 5228 1738 5300 adjacentiis
1766 5230 1834 5285 ad
1866 5247 1921 5286 se
1953 5231 2132 5303 perti-

534 5324 814 5392 nentibus,
849 5336 1065 5378 necnon
1095 5327 1149 5376 et
1179 5336 1306 5376 cum
1338 5319 1599 5377 omnibus
1633 5319 2034 5378 habitatoribus
2062 5322 2130 5378 ad

533 5429 588 5468 se
616 5414 861 5485 legitime
891 5409 1314 5484 pertinentibus.
1335 5409 1449 5466 Hoc
1478 5417 1578 5480 est,
1609 5411 1892 5480 Burcinas,
1924 5411 2128 5467 Pretio-

532 5515 637 5565 sas,
684 5500 912 5568 Velena,
968 5500 1322 5567 Haverciaco,
1374 5500 1873 5568 Frotmaro-Curte,
1924 5500 2124 5571 Hilgia,

533 5586 908 5644 Cambariaco.
942 5591 1004 5644 In
1033 5590 1305 5646 Ballicino
1337 5591 1479 5646 valle
1510 5590 1577 5646 de
1607 5591 1764 5646 vinea
1792 5591 2034 5647 Bunnar.
2071 5607 2127 5646 1v

531 5682 585 5732 et
615 5691 919 5748 arpennum
947 5693 982 5733 ι.
1015 5679 1076 5734 In
1107 5679 1375 5736 suburbio
1405 5688 1604 5737 nostra
1630 5679 1873 5736 civitatis
1904 5681 2126 5737 molen-

2315 4871 2646 4943 Ragenarius
2679 4873 2940 4932 Ecclesia
2965 4873 3356 4933 Ambianensis
3383 4877 3670 4950 episcopus
3710 4873 3832 4930 sub-

2241 4978 2456 5034 scripsi.

2312 5051 2589 5124 Erpoinus
2616 5053 3041 5113 Silvanectensis
3071 5057 3330 5114 Ecclesia
3381 5057 3668 5130 episcopus
3710 5056 3830 5111 sub-

2240 5142 2455 5213 scripsi.

2310 5231 2509 5286 Datum
2540 5231 2598 5286 in
2627 5232 2762 5304 ipsis
2789 5233 3050 5289 Kalendis
3074 5233 3288 5289 Martiis
3320 5233 3378 5288 in
3407 5233 3635 5288 civitate
3664 5230 3830 5286 Sues-

2240 5319 2432 5389 sionis,
2467 5330 2593 5378 ante
2619 5323 2788 5379 altare
2817 5331 3129 5380 sanctorum
3163 5331 3471 5396 martyrum
3504 5320 3746 5379 Gervasii
3778 5325 3826 5373 et

2237 5410 2492 5482 Protasii,
2527 5431 2671 5470 anno
2701 5430 2856 5469 xxxv
2885 5415 3037 5486 regni
3078 5413 3272 5470 domui
3316 5413 3501 5473 Caroli
3555 5413 3690 5484 regis
3716 5410 3827 5482 glo-

2237 5505 2393 5574 riosi,
2420 5507 2514 5578 qui
2545 5506 2650 5564 hoc
2676 5507 3028 5580 privilegium
3069 5523 3166 5564 sua
3195 5507 3398 5580 pietate
3437 5506 3728 5569 consensit,
3774 5510 3829 5558 et

2235 5593 2381 5666 regia
2429 5596 2756 5654 auctoritate
2800 5597 3100 5667 roboravit,
3146 5595 3453 5655 indictione
3509 5614 3611 5654 vm
3663 5597 3830 5666 (anno

2237 5680 2437 5740 Christi
2463 5682 2615 5757 875).
