4078 6182
539 257 672 317 1131
1541 255 1786 317 HERICI
1823 256 2143 317 MONACHI
2190 254 2810 317 ANTISIODORENSIS
3687 254 3814 313 H32

2545 419 2984 430 —-———————

1825 545 2134 618 HERICI
2191 543 2539 619 VERSUS

1374 702 1474 768 Ad
1507 702 1956 765 HILDEBOLDUM
1987 697 2611 762 Antissiodorensem
2639 693 2997 776 episcopum

1774 825 1846 883 IN
1887 825 1974 884 C0
1983 824 2306 882 LLECTAN
2311 823 2405 879 EA
2443 822 2596 879 SUA.

1971 962 2389 975 *ψ

534 1054 884 1126 Hildebolde,
917 1062 1024 1114 tuae
1052 1057 1268 1130 requies
1299 1064 1350 1113 et
1372 1056 1546 1128 gloria
1577 1055 1769 1127 plebis,
2157 1061 2208 1119 Α
2305 1054 2545 1111 Excellit
2575 1055 2755 1110 titulis
2773 1055 2953 1111 clarus
2984 1060 3214 1124 uterque
3243 1049 3378 1108 suis.

604 1147 832 1218 Magnus
871 1147 1079 1202 honore
1108 1146 1234 1211 soli,
1271 1144 1445 1216 major
1473 1147 1682 1200 honore
1710 1145 1806 1201 Dei
1834 1163 1845 1200 :
2235 1146 2360 1201 Hmc
2384 1161 2481 1216 ego
2514 1154 2630 1201 tum
2658 1145 2875 1199 notulas
2901 1143 3095 1198 doctus
3119 1147 3352 1196 tractare
3385 1139 3618 1209 furaces,

533 1235 744 1308 Excipe
773 1235 1063 1308 dignanter
1093 1237 1237 1309 quod
1269 1238 1500 1309 porrigit
1527 1255 1650 1296 ecce
1685 1238 1985 1310 prudenter
2309 1235 2652 1306 Stringebam
2684 1233 2872 1303 digitis
2899 1239 3014 1287 arte
3045 1231 3265 1286 favente
3293 1229 3440 1288 citis.

607 1325 880 1393 Heiricus,
913 1326 1109 1398 capitis
1142 1327 1337 1400 plenus
1365 1344 1549 1383 amore
1576 1327 1678 1384 tui.
2239 1326 2350 1382 Nec
2369 1325 2521 1396 prius
2554 1323 2650 1379 illa
2674 1323 2810 1378 mihi
2852 1320 3062 1395 liquido
3091 1321 3387 1392 disponere
3413 1334 3579 1375 versu

535 1415 767 1489 Porgere
799 1433 966 1489 parva
997 1417 1182 1490 pudet,
1211 1435 1336 1476 cum
1361 1418 1600 1474 maxima
1631 1424 1693 1472 tu
1717 1417 1976 1474 merearis
2005 1433 2018 1474 :
2311 1413 2453 1472 Cura
2482 1414 2610 1480 fuit,
2643 1412 2752 1469 nisi
2780 1429 2929 1469 nunc
2959 1428 3084 1468 cum
3117 1409 3217 1467 tibi
3254 1408 3435 1466 dando
3465 1409 3668 1493 forent.

606 1507 866 1563 Attamen
892 1521 962 1562 ex
988 1507 1236 1564 minimis
1281 1509 1514 1581 pendere
1545 1524 1739 1580 magna
1775 1507 1948 1564 decet.
2242 1503 2340 1558 His
2372 1503 2537 1559 violis
2570 1504 2843 1571 animum,
2877 1502 3055 1570 Pater,
3088 1500 3363 1557 oblectare
3395 1505 3696 1566 memento,

537 1595 752 1670 Quique
781 1596 875 1653 dat
898 1596 1003 1656 hoc
1032 1598 1353 1669 modicum,
1363 1599 1477 1672 jam
1501 1600 1624 1673 plus
1653 1597 1913 1656 tribuisse
1940 1596 2131 1671 proba-
2315 1593 2454 1651 Cum
2487 1593 2589 1648 tibi
2621 1608 2874 1649 curarum
2899 1591 3138 1665 pondere
3169 1598 3356 1664 pectus
3384 1590 3522 1646 hiat.

1961 1685 2077 1761 [tur
2119 1705 2129 1742 :
2245 1683 2341 1741 His
2372 1684 2681 1740 naturalem
2710 1682 2911 1738 frontis
2946 1683 3242 1754 vultusque
3277 1683 3512 1737 nitorem

611 1773 878 1850 Quodque
909 1785 1011 1848 est,
1044 1777 1298 1852 quodque
1327 1786 1526 1850 potest,
1545 1779 1592 1834 is
1621 1778 1698 1834 ibi
1731 1793 1924 1850 nempe
1959 1776 2129 1833 dedit.
2314 1773 2639 1840 Accumula,
2664 1772 2918 1845 quotiens
2951 1771 3129 1828 laetior
3158 1789 3272 1828 esse
3303 1772 3474 1827 voles.

540 1863 643 1924 Hic
672 1877 1070 1941 praeceptorum
1091 1875 1222 1925 sunt
1251 1869 1465 1926 ludicra
1497 1867 1725 1942 pulchra
1750 1868 2006 1925 duorum.
2245 1867 2358 1922 Hoc
2390 1865 2433 1920 si
2468 1864 2768 1936 tranquillo
2798 1880 3020 1919 sumens
3039 1863 3335 1934 dignabere
3362 1862 3547 1929 vultu,

607 1957 744 2024 Quis
772 1973 869 2031 ego
900 1960 1227 2033 praesulibus
1254 1960 1538 2031 ingenium
1568 1960 1737 2017 colui.
2307 1959 2435 2015 Mox
2465 1971 2713 2013 comm...
2747 1972 2817 2013 an
2847 1956 3054 2028 gratius
3083 1956 3244 2013 ardor
3275 1955 3400 2012 erit.

539 2045 636 2101 His
657 2046 862 2118 Lupus,
908 2048 995 2102 his
1021 2048 1213 2102 Haimo
1242 2047 1503 2102 ludebant
1534 2048 1728 2103 ordine
1757 2054 1927 2118 grato,
2246 2047 2373 2103 Haec
2403 2045 2609 2117 Lupus,
2641 2045 2757 2104 haec
2789 2045 2969 2102 nitido
3005 2045 3206 2117 passim
3239 2045 3490 2102 versabat
3521 2045 3579 2101 in
3613 2060 3730 2114 ore,

609 2133 745 2192 Cum
786 2133 919 2208 quid
955 2134 1258 2192 ludendum
1290 2143 1505 2208 tempus
1532 2145 1586 2193 et
1605 2136 1741 2194 hora
1775 2138 1953 2194 daret.
2317 2138 2689 2214 Compensans
2718 2139 2859 2214 aptis
2889 2140 3105 2212 singula
3135 2139 3499 2213 temporibus.

539 2224 809 2282 Humanis
829 2226 988 2294 alter,
1016 2221 1226 2282 divinis
1255 2225 1450 2285 calluit
1479 2227 1638 2296 alter,

1725 2500 2076 2560 INCIPIUNT
2115 2500 2651 2560 COLLECTANEA.

1060 2621 1167 2682 Ea:
1201 2615 1375 2683 libris
1412 2612 1650 2685 Valerii
1678 2614 1957 2686 Maximi
1979 2616 2494 2684 memorabilium
2523 2618 2842 2685 dictorum
2876 2625 2936 2684 et
2971 2616 3329 2698 factor-um.

611 2871 858 2950 Sulpicio
887 2877 1156 2933 sacerdoti
1188 2877 1333 2934 inter
1352 2876 1774 2936 sacriﬁcandum
1796 2881 1978 2953 lapsus
2003 2894 2138 2952 apex
2172 2883 2214 2942 B
2254 2881 2399 2952 dam,
2433 2881 2580 2956 quod
2602 2881 2805 2938 librum
2827 2889 3161 2938 secretorum
3185 2880 3441 2938 civilium
3461 2880 3684 2937 cuidam
3710 2878 3824 2936 scri-

539 2968 608 3024 de
634 2967 813 3040 capite
843 2965 1211 3023 sacerdotium
1245 2966 1491 3024 abstulit.
1531 2968 1801 3024 Occentus
1829 2968 2021 3025 soricis
2045 2985 2136 3024 au-
2247 2969 2489 3025 bendum
2520 2970 2760 3042 dederat,
2793 2971 2973 3028 culleo
3004 2970 3233 3027 insitum
3262 2970 3322 3027 in
3351 2986 3500 3025 mare
3526 2969 3826 3043 praecipita-

540 3058 692 3114 ditus
722 3057 888 3114 Fabio
940 3057 1013 3114 M.
1066 3056 1415 3116 dictaturam.
1456 3056 1788 3131 Tarquinius
1816 3075 1914 3116 rex
1954 3075 2135 3133 quon-
2251 3059 2359 3129 vit,
2389 3066 2496 3118 etc.

1306 3361 1652 3472 VITA
1767 3361 2286 3472 SANCTI
2411 3363 3072 3488 GERMANI

1685 3551 2002 3613 EPISCOPI
2038 3554 2703 3615 ANTISSIODORENSIS

2000 3684 2053 3746 A
2068 3683 2164 3746 UC
2174 3685 2384 3748 TORE

1521 3847 2068 3962 HERICO
2175 3851 2879 3969 MONACHO

541 4039 589 4094 Α
621 4038 745 4094 stilo
772 4032 1068 4093 Constantii
1091 4045 1112 4070 ι
1134 4031 1303 4088 soluto
1341 4030 1414 4088 ad
1447 4031 1666 4104 ligatum
1706 4040 1988 4116 revocata;
2025 4051 2090 4116 ea:
2121 4036 2472 4116 uetustissimo
2513 4056 2613 4116 ςιηε.
2646 4039 2905 4112 Lobiensi,
2938 4042 3130 4102 collato
3169 4059 3284 4100 cum
3312 4042 3635 4116 perantiquo
3661 4039 3821 4098 codia

1721 4105 2059 4177 Lugdunensi
2085 4113 2133 4162 et
2159 4125 2254 4164 ms.
2296 4109 2647 4180 Bel/ortiano.

1671 4230 1859 4304 (Apud
1888 4229 2165 4302 Bolland.,
2215 4234 2348 4291 Julii
2380 4243 2529 4293 tomo
2559 4235 2714 4309 VII.)

1375 4499 1862 4576 l'EPISTOLA
1915 4502 2355 4579 AUCTORIS
2417 4502 3023 4579 DEDICATORIA

1618 4659 1748 4716 AD
1798 4660 2245 4719 CAROLUM
2307 4656 2770 4738 (CALVUM),

1209 4777 1456 4840 REGEM
1483 4779 1692 4840 SIMUL
1721 4781 1813 4838 ET
1843 4780 2354 4840 IMPERATOREM
2381 4782 3172 4843 PRz’ECELLENTlSSIMUM.

1975 4935 2398 4948 —__—_

615 5045 1029 5109 Immortalibus
1083 5049 1311 5123 sceptris
1364 5047 1775 5122 praedestinato,
1834 5061 2132 5122 regumque
2165 5053 2209 5113 Ο
2239 5049 2502 5120 extimus,
2533 5049 2829 5107 instantem
2859 5067 2922 5108 ac
2951 5054 3268 5124 perpetuam
3299 5048 3359 5105 in
3386 5048 3630 5105 Domino
3658 5043 3832 5105 felici-

540 5143 796 5200 omnium
826 5139 1332 5216 praecellentissimo
1358 5137 1603 5205 Canouo,
1634 5144 1897 5210 perpetuo
1923 5138 2136 5194 trium-
2243 5147 2432 5198 tatem.

539 5232 757 5306 phatori
778 5249 842 5289 ac
890 5246 1103 5304 semper
1129 5236 1380 5303 augusto,
1438 5228 1701 5297 Hsmcus,
1733 5227 2133 5286 coenobitarum
2314 5230 2363 5286 1.
2396 5229 2621 5297 Quoties
2649 5230 2912 5287 memoria
2949 5230 3177 5302 replico,
3208 5228 3568 5286 altitudinem
3603 5235 3831 5286 vestram

608 5378 628 5402 ι
650 5360 913 5431 Auctoris
948 5359 1091 5418 Vitae
1127 5356 1387 5431 prosaicae
1418 5353 1666 5431 ejusdem
1719 5356 1976 5431 Germani
2007 5357 2133 5431 An-
2246 5352 2351 5431 lum
2367 5370 2467 5431 per
2494 5352 2764 5423 epistolam
2801 5350 2962 5431 facta.
2998 5352 3168 5431 Porro
3199 5350 3266 5407 de
3297 5351 3398 5408 hac
3431 5351 3660 5424 epistola
3688 5366 3832 5405 con—

541 5430 967 5505 tissiodorensis,
1002 5422 1304 5504 quaa'apud
1333 5422 1702 5486 Boll'andistas
1726 5429 1868 5487 Vitae
1896 5429 2134 5486 metricae
2242 5422 2958 5505 sulendusgest‘necessarion
2992 5422 3435 5505 Qommentartus
3463 5422 3651 5505 noster
3677 5437 3827 5494 prae-

539 5503 914 5574 prmmittitur.
947 5494 1105 5561 En'rr,
1195 5494 1213 5504 ’
1838 5573 1847 5574 7
2004 5572 2028 5574 ξ
2242 5495 2367 5574 vius
2399 5495 2895 5574 (scil.‘Bolland.),
2933 5494 2958 5565 §
2989 5494 3043 5574 li,
3076 5511 3292 5574 amnum.
3326 5496 3414 5552 39.
3464 5496 3658 5574 Exstat
3695 5507 3827 5547 vero

610 5573 634 5607 δ
665 5574 726 5648 I_n
757 5574 894 5648 _Cod.
927 5575 1280 5648 Lugdunensi
1313 5575 1593 5648 legebatur
1613 5572 2134 5648 hictitulus:_{Jom-
2242 5567 2449 5648 eadem,
2483 5567 2577 5623 sed
2603 5575 2870 5635 truncata,
2902 5567 3046 5638 apud
3086 5567 3410 5636 Chesuium,
3450 5575 3583 5625 tom.
3609 5567 3671 5635 ll,
3700 5577 3825 5635 pag.

535 5643 798 5700 memlatio
824 5638 1082 5713 sequenlis
1112 5649 1285 5718 operis
1321 5638 1393 5703 ad
1421 5649 1706 5720 yloriosum
1747 5661 1916 5716 regem
1949 5643 2132 5700 Ka—ro-
2242 5638 2367 5696 470.
