4056 6190
207 263 343 326 1133

936 271 1029 332 DE
1066 276 1230 335 VlTA
1262 274 1314 334 s.
1357 247 1720 340 GERMANI.
1763 313 1834 330 —
1870 281 2217 349 AUCTORIS
2254 287 2472 358 EPIST.
2513 300 2751 367 DEDIC.

3355 306 3494 374 1134

203 429 483 536 [βειίονιη
516 439 667 538 tuam
701 433 915 538 ubique]
949 445 1158 508 sceptra
1203 445 1430 508 paterna
1472 449 1580 494 non
1635 442 1796 499 modo
1831 447 1882 506 Α
1909 462 2000 501 sus
2031 446 2179 503 orbis
2209 466 2378 508 novas
2406 455 2464 511 in
2496 465 2546 514 te
2573 469 2751 519 struat
2769 468 3186 538 controversias,
3211 472 3370 527 novis
3388 472 3499 528 ad...

199 525 427 592 virtute,
461 526 694 583 consilio
725 526 1120 601 prudentiaque
1146 545 1325 600 regere
1358 548 1370 596 ;
1410 545 1604 589 verum
1634 536 1798 590 etiam

198 630 310 670 non
359 614 575 670 minore
609 615 792 673 studio
837 635 902 674 ex
953 619 1167 676 intimis
1213 620 1496 694 sapientiae
1540 626 1795 697 speculis,

197 719 341 760 vera;
375 703 809 774 pulchritudinis
838 709 1048 765 colores
1068 709 1285 779 ducere,
1309 711 1503 784 hisque
1533 722 1795 786 tempora,

195 792 429 865 perditis
457 793 658 850 fcedata
681 796 944 866 moribus,
969 798 1265 855 informare
1288 819 1300 866 ;
1345 802 1577 858 subinde
1599 804 1657 858 in
1677 821 1798 875 spes

195 882 434 954 optimas
463 885 665 955 erigor,
697 884 921 958 ejusque
950 905 1090 960 saepe
1117 906 1366 960 numero,
1396 909 1514 964 quae
1544 901 1670 948 ante
1698 910 1798 949 nos

194 973 344 1030 dicta
371 983 477 1041 est,
508 977 795 1035 sententiae
834 980 1064 1036 veritate
1095 999 1384 1054 repungor,
1437 985 1650 1042 felicem
1683 986 1797 1041 fore

194 1064 615 1137 rempublicam,
639 1067 684 1122 si
708 1068 796 1122 vel
825 1068 1343 1141 philosopharentur
1367 1087 1536 1142 reges,
1562 1072 1647 1126 vel
1676 1072 1795 1143 phi-

194 1153 412 1226 losophi
471 1165 782 1227 regnarent.
833 1158 1156 1230 Quanquam
1213 1176 1325 1215 non
1374 1161 1614 1216 insciens
1667 1163 1792 1230 sim,

192 1259 312 1300 eam
344 1260 464 1317 qua:
486 1261 634 1302 nunc
665 1245 972 1318 respublica
1001 1247 1228 1316 dicitur,
1258 1266 1428 1321 usque
1461 1249 1596 1305 adeo
1634 1251 1795 1306 vitio-

193 1349 314 1389 rum
344 1333 594 1390 omnium
626 1336 877 1406 proluvie
897 1335 1232 1392 obsolevisse
1261 1336 1384 1410 [al.,
1407 1339 1792 1413 insorduisse],

191 1428 252 1475 ut
282 1420 349 1476 de
380 1421 497 1493 ejus
526 1422 702 1479 salute
735 1425 933 1480 merito
961 1424 1279 1497 desperetur
1298 1443 1329 1481 a
1355 1427 1626 1496 pluribus,
1649 1429 1792 1500 quod

190 1526 292 1565 nec
322 1510 530 1566 virtute
559 1511 759 1584 subigi,
799 1530 898 1572 nec
941 1514 1210 1585 sapientia
1247 1516 1458 1587 patitur
1499 1517 1790 1572 moderari.

188 1599 365 1655 Multa
415 1609 544 1656 sunt
601 1610 795 1660 vestrae
841 1612 1201 1660 monumenta
1247 1605 1576 1673 clementiae,
1623 1606 1796 1662 multa

188 1689 445 1761 symbola
475 1691 699 1763 pietatis
733 1711 744 1747 :
781 1694 921 1750 illud
952 1695 1038 1750 vel
1073 1695 1312 1750 maxime
1332 1694 1490 1750 vobis
1513 1693 1791 1767 [Bel/ert,

1911 551 2128 592 versum
2169 547 2220 592 te
2255 539 2750 608 declamationibus
2788 554 3124 614 invehatur:
3159 559 3251 631 qui
3281 561 3413 616 dum
3445 569 3498 617 te

1909 632 2139 697 tuosque
2185 635 2522 690 ornamentis
2560 639 2839 710 sapientiae
2878 644 3156 702 illustrare
3187 649 3495 718 contendis,

1908 720 2228 771 cunctarum
2261 719 2372 774 fere
2392 724 2637 791 gentium
2665 729 2878 788 scholas
2899 741 2951 788 et
2981 735 3162 792 studia
3186 736 3459 792 sustulisti
3483 752 3498 792 :

1909 806 2152 900 sublatis,
2167 810 2311 865 enim
2344 820 2788 890 praeceptoribus,
2821 825 3036 881 confine
3073 834 3127 882 et
3164 844 3503 900 consequens

1907 902 2008 962 est,
2031 897 2188 952 facile
2219 901 2468 957 omnium
2503 905 2720 976 ingenia
2746 911 2860 966 otio
2880 915 3208 984 congelasse.
3229 918 3308 972 Ita
3337 897 3505 972 nam-

1909 999 2013 1054 que
2050 987 2244 1058 spretis
2289 992 2520 1059 caeteris,
2566 995 2623 1049 in
2672 1013 2789 1052 eam
2835 1000 3030 1056 mundi
3069 1011 3298 1074 partem,
3338 1019 3503 1075 quam

1908 1080 2087 1129 vestra
2134 1085 2369 1147 potestas
2416 1083 2820 1155 complectitur,
2867 1090 3124 1146 universa
3169 1091 3502 1162 optimarum

1908 1161 2111 1249 artium
2142 1165 2324 1220 studia
2352 1169 2740 1230 confluxerunt
2766 1193 2778 1243 ;
2815 1185 2874 1232 ut
2914 1161 3223 1234 verisimile
3250 1179 3500 1249 habeam,

1901 1247 2228 1340 jamdudum
2270 1270 2359 1309 eas
2405 1255 2658 1315 humana:
2693 1278 2908 1332 perosas
2940 1266 3172 1333 inertiae,
3210 1269 3371 1324 terris
3399 1247 3504 1340 pe;-

1906 1337 2057 1393 nitus
2077 1342 2390 1411 excessisse,
2423 1346 2529 1401 nisi
2562 1357 2752 1406 vestras
2783 1352 3117 1424 integritatis
3137 1337 3502 1429 amplitudine

1905 1437 2256 1521 tenerentur;
2304 1437 2362 1492 in
2403 1453 2507 1508 qua
2543 1441 2710 1498 etiam
2750 1447 2976 1502 unicum
3009 1465 3120 1504 suae
3148 1449 3504 1521 professionis

1904 1520 2124 1576 culmen
2155 1539 2217 1579 ac
2245 1523 2525 1596 fastigium
2562 1530 2647 1600 (ut
2686 1534 2864 1602 palam
2903 1536 3132 1608 eminet)
3159 1520 3505 1594 mirabiliter

1903 1610 2263 1700 collocarunt.
2294 1613 2436 1671 Hinc
2461 1625 2542 1672 est
2567 1620 2734 1690 quod,
2766 1639 2891 1678 cum
2919 1623 2992 1680 sit
3023 1628 3344 1700 perantiqua
3369 1643 3504 1684 sen-

1903 1698 2093 1767 tentia,
2147 1701 2312 1757 sileut
2357 1703 2499 1775 leges
2546 1705 2691 1760 inter
2735 1725 2923 1778 arma;
2975 1710 3093 1769 hac
3138 1698 3342 1784 tamen,
3390 1723 3502 1772 tam
3551 1709 3554 1712 ’

189 1778 293 1834 tibi
317 1779 673 1876 singulariter
694 1781 915 1876 ubique]
966 1791 1224 1876 aeternam
1263 1785 1787 1876 parat‘memoria-m,
1821 1800 1868 1860 Β
1904 1787 2032 1842 belli
2064 1805 2226 1860 quam
2255 1792 2402 1863 pacis
2434 1803 2695 1868 tempore,
2721 1800 2864 1871 apud
2893 1819 2991 1858 vos
3020 1778 3504 1876 plurimum'sem-

185 1865 336 1938 quod
359 1865 707 1923 famatissimi
728 1870 817 1924 avi
840 1870 1007 1926 vestri
1037 1871 1218 1928 Caroli
1241 1881 1262 1907 -"
1287 1870 1532 1927 studium
1551 1887 1675 1940 erga
1693 1871 1792 1926 im-

185 1955 450 2011 mortales
478 1955 819 2028 disciplinas,
853 1976 965 2015 uon
997 1959 1160 2015 modo
1198 1977 1267 2016 ex
1297 1977 1455 2032 aequo
1485 1975 1793 2031 repraesen-

181 2045 354 2111 tatis;
397 2061 586 2101 verum
627 2046 791 2102 etiam
822 2047 1240 2118 incomparabili
1273 2047 1487 2102 fervore
1518 2055 1791 2103 transcen-

180 2133 318 2189 ditis
353 2151 366 2190 :
399 2135 533 2190 dum
564 2135 710 2207 quod
742 2137 834 2192 ille
879 2137 1073 2208 sopitis
1120 2137 1314 2193 eduxit
1359 2136 1658 2204 cineribus,
1694 2152 1792 2192 vos

179 2223 436 2280 fomento
455 2224 752 2295 multiplici
773 2233 883 2280 tum
901 2225 1477 2294 beneficiorum,tuum
1499 2226 1793 2282 auctorita-

179 2312 253 2370 tis
288 2329 678 2386 usquequaque
698 2315 1002 2386 provehitis
1033 2335 1046 2383 ;
1082 2317 1196 2371 imo
1229 2317 1316 2389 (ut
1336 2315 1670 2371 sublimibus
1690 2332 1793 2370 su-

177 2400 382 2457 blimia
430 2401 734 2475 conferam)
771 2404 837 2460 ad
886 2405 1065 2461 sidera
1117 2406 1439 2478 perurgetis.
1489 2407 1567 2460 Ita
1611 2415 1794 2461 vestra

176 2500 510 2565 tempestate
532 2493 750 2566 ingenia
779 2493 1069 2550 hominum
1091 2495 1301 2567 duplici
1330 2496 1584 2550 nituntur
1603 2495 1793 2550 adrni—

176 2582 374 2638 niculo
398 2602 411 2650 ;
449 2582 580 2638 dum
612 2583 679 2639 ad
700 2585 980 2656 sapientiae
1001 2585 1183 2641 abdita
1213 2585 1582 2658 persequenda
1603 2601 1794 2640 omnes

176 2672 409 2746 quidem
439 2674 692 2746 exemplo
721 2674 946 2734 allicitis
975 2694 989 2744 ;
1027 2675 1291 2749 quosdam
1313 2692 1444 2732 vero
1464 2676 1630 2732 etiam
1659 2691 1791 2747 pra:-

177 2763 316 2818 miis
355 2762 624 2820 invitatis.

249 2851 310 2908 2.
353 2852 471 2912 Huc
496 2852 706 2912 accedit
736 2852 874 2910 illud
902 2853 1151 2911 veritatis
1181 2851 1609 2927 inexpugnabile
1637 2869 1791 2924 argu-

178 2948 460 3011 mentum,
514 2958 622 3016 quo
653 2959 709 2999 se
743 2953 924 3000 vestra
953 2945 1246 3015 singularis
1281 2943 1574 3014 prudentia
1603 2951 1794 2999 contra

176 3040 526 3105 emergentes
554 3033 696 3089 forte
727 3034 1102 3106 querimonias
1123 3033 1522 3104 circumspecta
1550 3033 1682 3088 satis
1711 3051 1791 3089 ra-

179 3138 335 3196 tione
384 3131 567 3180 tuetur
613 3143 624 3180 :

177 3221 378 3285 sponte
407 3213 766 3286 amplectitur
798 3215 1126 3284 caecitatem,
1154 3216 1335 3270 velum
1363 3214 1467 3270 sibi
1489 3213 1791 3271 excusatio-

178 3303 266 3358 nis
294 3303 364 3359 de
409 3303 723 3374 ignorantia
765 3303 1082 3372 obduceret,
1137 3320 1274 3360 neve
1304 3304 1369 3360 de
1399 3313 1794 3376 praeceptorum

177 3391 373 3464 inopia
405 3393 602 3448 merito
623 3401 962 3460 causaretur,
985 3393 1043 3448 id
1066 3392 1227 3448 vobis
1246 3393 1520 3463 singulare
1550 3392 1795 3448 studium

177 3480 465 3549 effecistis,
497 3488 559 3536 ut
590 3481 767 3537 sicubi
806 3488 1078 3535 terrarum
1125 3480 1370 3549 magistri
1405 3479 1660 3533 florerent
1701 3497 1798 3533 ar-

174 3571 350 3640 tium,
383 3587 617 3644 quarum
654 3569 1016 3641 principalem
1047 3585 1270 3639 operam
1311 3568 1659 3640 philosophia
1685 3575 1797 3640 pot-

174 3660 404 3729 licetur,
437 3659 544 3716 hoc
597 3658 666 3712 ad
711 3656 993 3728 publicam
1033 3657 1402 3713 eruditionem
1436 3657 1798 3730 undecunque

173 3759 374 3808 vestra
449 3744 722 3804 celsitudo
775 3746 1129 3816 conduceret,
1191 3749 1424 3805 comitas
1479 3747 1797 3817 attraheret,

169 3835 472 3911 dapsilitas
500 3842 840 3905 provocaret.
869 3835 1040 3906 Luget
1062 3834 1165 3892 hoc
1196 3837 1423 3906 Griecia,
1457 3839 1619 3893 novis
1647 3836 1792 3893 invi-

171 3936 279 3993 diae
304 3930 514 3990 aculeis
536 3931 785 3987 lacessita
809 3949 820 3988 :
847 3949 1009 4004 quam
1031 3933 1111 3987 sui
1142 3933 1421 4005 quondam
1443 3935 1645 3991 incolae
1661 3934 1799 4006 jam‘

172 4031 390 4088 dudum
429 4044 556 4085 cum
582 4026 802 4083 Asianis
831 4026 1028 4098 opibus
1070 4037 1449 4098 aspernantur,
1484 4038 1665 4084 vestra
1696 4040 1795 4099 po'

177 4121 293 4179 tius
328 4118 781 4193 magnanimitate
812 4119 1085 4186 delectati,
1120 4119 1319 4174 studiis
1358 4120 1562 4186 allecti,
1597 4119 1796 4175 libera-

179 4212 337 4267 litate
365 4210 561 4268 confisi
615 4228 626 4264 ;
681 4210 852 4276 dolet,
898 4209 1148 4281 inquam,
1185 4225 1240 4264 se
1275 4209 1408 4263 olim
1440 4208 1798 4279 singulariter

178 4299 516 4367 mirabilem,
550 4315 612 4356 ac
641 4298 972 4354 mirabiliter
1000 4298 1360 4369 singularem,
1399 4314 1429 4351 a
1472 4297 1587 4353 suis
1617 4297 1800 4352 desti-

178 4389 264 4456 tui
306 4407 318 4443 :
353 4387 502 4443 dolet
531 4394 698 4455 certe,
732 4403 828 4442 sua
863 4385 957 4441 illa
990 4386 1283 4458 privilegia
1315 4385 1486 4458 (quod
1516 4403 1798 4458 nunquam

179 4475 448 4536 hactenus
498 4477 674 4533 verita
721 4476 826 4544 est)
877 4474 945 4530 ad
988 4475 1214 4530 climata
1255 4483 1443 4530 nostra
1489 4475 1792 4546 transferri.

178 4565 330 4632 Quid
361 4566 682 4623 Hiberniam
729 4580 1049 4632 memorem,
1095 4571 1413 4635 contempto
1462 4563 1635 4635 pelagi
1667 4563 1790 4618 dis-

178 4655 438 4724 crimine,
467 4673 605 4729 pene
634 4665 807 4713 totam
855 4672 979 4712 cum
1024 4671 1179 4727 grege
1229 4653 1686 4726 philosophorum
1716 4653 1784 4710 ad

180 4744 374 4801 littora
405 4753 588 4801 nostra
617 4745 964 4817 migrantem.
1001 4743 1248 4811 Quorum
1279 4743 1528 4816 quisquis
1557 4743 1786 4814 peritior

182 4843 289 4904 est,
321 4836 465 4891 ultro
497 4835 604 4891 sibi
630 4835 830 4892 indicit
861 4835 1141 4904 exsilium,
1173 4841 1235 4890 ut
1264 4834 1542 4892 Salomoni
1573 4835 1783 4908 sapien.

180 4923 403 4981 tissime
434 4925 732 4982 famuletur
757 4925 825 4980 ad
855 4932 1068 4980 votum.

257 5013 313 5070 3.
331 5015 538 5089 Itaque,
571 5013 748 5072 Caesar
764 5013 1151 5082 invictissime,
1174 5029 1312 5086 pene
1339 5021 1442 5082 est,
1474 5022 1537 5072 ut
1564 5014 1784 5070 univer-

252 5173 271 5192 '
307 5164 561 5236 Carolum
592 5165 844 5236 Magnum
873 5162 1140 5236 intellige,
1163 5161 1429 5236 Ludovici
1447 5164 1530 5218 Pii
1553 5171 1783 5236 patrem,

181 5237 368 5364 garo];
399 5235 555 5292 Calvi
581 5252 766 5292 avum.
795 5235 932 5293 Cod.
955 5235 1337 5307 Lugdunensis
1357 5235 1570 5308 semper
1594 5236 1787 5293 scribit

241 5324 342 5362 aro
371 5325 477 5363 um.

241 5324 477 5363 aratum.

255 5377 278 5405 "
311 5377 464 5434 Obiit
494 5379 804 5445 Lethe-rius,
835 5377 1014 5435 Caroli
1061 5378 1215 5434 Calvi
1257 5377 1403 5432 ﬁlius
1450 5384 1503 5432 et
1552 5377 1786 5432 cmnobii

183 5451 246 5506 S.
313 5451 565 5505 Germani
627 5450 997 5505 Antissiodori
1051 5450 1215 5502 abbas
1269 5449 1786 5515 commendatarius,

181 5522 336 5578 circa
366 5522 503 5577 festa
533 5521 741 5578 Christi
775 5520 1042 5586 natalilia,
1079 5519 1182 5576 hoc
1202 5527 1302 5587 est,
1336 5520 1419 5573 vel
1455 5520 1511 5573 in
1536 5520 1641 5573 line
1660 5521 1788 5573 anni

181 5593 314 5658 865,
344 5600 404 5646 ut
426 5593 672 5648 innuunt
693 5593 932 5647 Annales
955 5591 1256 5647 Bertiniani
1286 5591 1427 5661 apud
1451 5591 1747 5646 Chesnium
1775 5609 1787 5657 ;

181 5665 278 5719 vel
314 5664 536 5722 ineunte
569 5664 696 5734 866,
721 5673 782 5720 ut
804 5664 1014 5722 indicat
1037 5664 1090 5719 S.
1121 5662 1240 5718 Ado
1270 5663 1328 5717 in
1357 5662 1630 5719 Chronico
1649 5663 1794 5719 circa

673 3141 742 3180 ne
781 3125 930 3180 enim
969 3133 1154 3180 nostra
1202 3123 1419 3192 inertia,
1471 3140 1590 3196 qum
1636 3141 1788 3179 suam
1827 3165 1869 3224 Ο

1905 1893 2000 1948 per
2020 1878 2272 1935 obtinent
2290 1882 2597 1955 dignitatis.
2624 1888 2706 1944 Ita
2726 1898 2787 1946 ut
2808 1892 3004 1948 merito
3025 1895 3297 1952 vocitetur
3315 1895 3505 1953 schola

1903 1966 2204 2055 palatium:
2237 1969 2396 2040 cujus
2424 1989 2582 2044 apex,
2616 1991 2727 2031 non
2760 1979 2944 2034 minus
2971 1981 3315 2040 scholaribus
3339 1999 3504 2055 quam

1903 2054 2240 2145 militaribus
2267 2063 2577 2118 consuescit
2598 2066 2846 2135 quotidie
2865 2067 3195 2140 disciplinis.
3220 2054 3505 2145 Quidquid

1904 2142 2073 2232 igitur
2095 2144 2290 2202 litterae
2311 2160 2560 2220 possunt,
2583 2152 2857 2226 quidquid
2877 2167 3244 2231 assequuntur
3263 2142 3501 2232 ingenia,

1901 2231 2061 2287 vobis
2089 2233 2290 2288 debent
2315 2253 2327 2301 ;
2361 2237 2538 2306 vobis,
2572 2239 2820 2312 inquam,
2847 2246 2943 2318 qui
2966 2254 3126 2303 natus
3145 2249 3212 2304 ad
3231 2231 3503 2320 agendum

1902 2338 2115 2394 semper
2137 2325 2349 2397 aliquid
2377 2326 2603 2398 dignum
2626 2332 2768 2400 viro,
2793 2350 2918 2390 cum
2946 2335 3146 2394 virtute
3166 2339 3500 2411 praecellitis,

1901 2420 2020 2469 tum
2056 2415 2222 2471 etiam
2253 2417 2522 2489 sapientia
2549 2420 2850 2494 refulgetis.

1973 2548 2026 2607 4.
2067 2551 2339 2620 Quorsum
2379 2555 2484 2611 ista
2520 2559 2864 2630 protulerim,
2911 2560 3053 2620 illud
3093 2565 3150 2620 in
3187 2582 3350 2623 causa
3378 2575 3495 2625 est:

1903 2640 2047 2696 divae
2074 2645 2350 2700 memoriae
2381 2646 2728 2715 Lotharium,
2759 2659 2955 2709 vestrae
2977 2653 3152 2712 lilium
3176 2656 3498 2732 majestatis,

1901 2731 2061 2787 annis
2104 2749 2356 2804 puerum,
2400 2747 2582 2794 mente
2614 2739 3024 2813 philosophum,
3057 2744 3292 2818 ingenue
3323 2749 3502 2820 profi—

1903 2828 2020 2875 teor
2061 2821 2232 2879 animi
2277 2825 2465 2882 indole
2503 2835 2556 2882 et
2591 2829 2828 2886 solertiae
2866 2833 3066 2903 opibus
3098 2837 3184 2905 (ut
3215 2837 3374 2893 vobis
3400 2840 3501 2895 uni

1902 2914 2220 2987 concedam)
2255 2934 2364 2988 prae
2395 2919 2604 2975 caeteris
2632 2922 2718 2976 sui
2746 2923 2851 2976 aevi
2883 2926 3208 2983 mortalibus
3228 2929 3503 2988 exstitisse

1902 3005 2222 3074 pretiosum.
2248 3007 2317 3074 Is,
2343 3007 2490 3080 quod
2521 3017 2700 3065 vestra
2728 3012 3091 3084 dispositione
3115 3027 3168 3074 et
3194 3020 3308 3074 Deo
3338 3020 3501 3077 devo-

1903 3103 2011 3159 tus,
2043 3102 2096 3150 et
2126 3094 2284 3150 beato
2314 3095 2585 3152 Germano
2622 3097 2691 3152 ad
2732 3099 3079 3157 educandum
3122 3104 3299 3161 fuerat
3341 3122 3504 3163 com-

1905 3184 2214 3251 mendatus,
2258 3192 2472 3240 tantum
2515 3186 2826 3242 devotionis
2869 3189 2926 3244 in
2963 3201 3234 3260 sanctum,
3283 3201 3500 3250 tantum

1904 3273 2115 3329 ardoris
2142 3273 2200 3327 in
2242 3274 2422 3328 locum
2461 3283 2802 3346 conceperat,
2850 3286 2910 3333 ut
2948 3279 3121 3336 vitam
3160 3281 3311 3338 illius
3354 3299 3503 3340 mors

1907 3361 2078 3418 livida
2099 3361 2258 3418 nobis
2281 3364 2476 3418 merito
2499 3364 2762 3422 invidisse
2784 3375 3008 3438 putetur
3023 3371 3063 3424 δ.
3090 3369 3335 3445 Cumque
3361 3381 3502 3429 esset

1907 3452 2084 3507 divini
2144 3469 2277 3524 puer
2336 3451 2564 3524 ingenii,
2622 3463 2783 3528 atque
2831 3473 2955 3529 erga
3009 3476 3190 3514 rerum
3244 3461 3500 3517 notitiam

1907 3557 2118 3597 summe
2165 3541 2466 3610 studiosus,
2523 3545 2776 3614 contigit,
2835 3562 2958 3602 eum
3007 3548 3066 3602 in
3113 3565 3220 3603 una
3263 3548 3499 3618 dierum,

1906 3630 2035 3685 libri
2083 3629 2367 3702 cujusdam
2413 3631 2598 3688 abdita
2638 3631 2794 3706 [Cod.
2838 3636 3079 3707 Lugdun.
3130 3637 3336 3712 penita]
3370 3653 3504 3711 per-

1908 3729 2265 3789 scrutantem,
2306 3722 2548 3792 geminas
2589 3723 2843 3794 epistolas
2877 3726 3203 3784 otIendisse:
3247 3729 3304 3783 in
3334 3729 3504 3784 altera

1909 3826 2116 3880 earum,
2158 3811 2537 3868 sanctissimus
2575 3814 2871 3883 Aunarius,
2915 3825 3103 3872 sextus
3132 3825 3254 3889 post
3283 3817 3501 3874 beatum

1909 3901 2242 3958 Germanum
2262 3903 2631 3960 Autissiodori
2663 3907 2965 3978 episcopus,
2999 3907 3335 3980 Stephanum
3359 3910 3502 3966 Afri-

1909 4006 2106 4046 canum
2141 3993 2540 4064 presbyterum,
2575 4003 2635 4050 ut
2665 3997 2834 4051 vitam
2883 3995 3125 4066 ejusdem
3173 3997 3504 4055 sanctissimi

1910 4081 2080 4152 patris
2131 4083 2305 4137 nostri
2355 4085 2613 4140 Germani
2668 4087 2894 4141 metrica
2952 4087 3162 4143 ratione
3215 4088 3504 4161 digereret,

1910 4171 2162 4242 precibus
2196 4171 2508 4226 ambiebat:
2543 4173 2601 4227 in
2632 4175 2803 4228 altera
2832 4175 2977 4229 idem
3007 4178 3334 4247 Stephanus,
3375 4196 3507 4250 pra:-

1910 4262 2022 4314 fato
2050 4275 2105 4314 se
2136 4260 2440 4330 pariturum
2470 4259 2742 4330 pontiﬁci,
2765 4277 2833 4314 ex
2855 4263 3120 4332 rescripto
3143 4265 3505 4333 significabat.

1909 4348 2151 4414 Quarum
2202 4349 2433 4404 formam
2480 4347 2833 4420 epistolarum
2875 4349 2965 4403 hic
3003 4366 3219 4421 quoque
3250 4351 3503 4408 interseri

1909 4439 2179 4509 optimum
2210 4437 2358 4494 factu
2381 4438 2626 4510 judicavi
2652 4456 2664 4504 ;
2699 4445 2759 4492 ut
2790 4436 2928 4492 ratio
2958 4437 3120 4508 regiis
3149 4439 3374 4496 auribus
3403 4439 3503 4494 in-

1829 4523 1875 4581 D
1907 4525 2196 4596 sinuanda,
2251 4543 2470 4582 omnem
2519 4525 2894 4598 ambiguitatis
2948 4528 3268 4600 scrupulum
3326 4531 3505 4587 valeat

1900 4615 2128 4672 eluctari
2150 4634 2187 4672 ε.

1966 4743 2019 4798 5.
2060 4741 2306 4814 Epistola
2334 4739 2570 4796 Aunarii
2597 4740 2839 4815 episcopi
2878 4742 2947 4800 ad
2991 4741 3329 4816 Stephanum
3371 4759 3505 4816 pre-

1895 4835 2188 4906 sbyterum
2211 4833 2535 4890 Africanum
2566 4832 2690 4908 [al.,
2709 4834 3010 4906 provinciae
3033 4834 3281 4909 Africae].
3321 4861 3339 4884 ι
3359 4836 3505 4892 Dile-

1896 4924 2148 4980 ctissimo
2170 4931 2332 4997 atque
2354 4923 2755 4992 amantissimo,
2783 4929 2837 4978 et
2863 4923 3094 4980 internae
3117 4923 3255 4979 mihi
3277 4925 3504 4980 vinculo

1895 5013 2183 5072 cliaritatis
2203 5031 2457 5072 conuexo
2478 5013 2638 5069 fratri
2657 5013 2936 5086 Stephano
2959 5013 3300 5086 presbytero,
3316 5014 3508 5080 Auna.

1896 5162 2272 5290 ﬁnem.3§ide
2314 5173 2369 5222 et
2411 5162 2655 5220 Annales
2697 5161 3088 5217 Benedictinos
3128 5161 3197 5216 ad
3241 5176 3330 5217 an.
3379 5161 3504 5231 865,

1897 5251 2054 5289 num.
2172 5279 2182 5289 .

1897 5251 2054 5289 num.
2092 5251 2182 5289 ὃῦ.

1970 5316 1989 5341 ε
2028 5306 2225 5378 Exstat
2242 5314 2505 5378 utraque,
2543 5322 2662 5377 quae
2687 5303 2956 5378 sequitur,
2993 5301 3417 5378 epistola_etia_m_
3447 5303 3506 5359 in

1900 5376 2141 5432 Historia
2168 5374 2912 5448 episcoporum—Autissiod.,
2945 5390 3074 5448 cap._
3101 5375 3184 5430 19.
3219 5376 3510 5431 Praefuisse

1901 5457 2081 5502 autem
2114 5444 2374 5502 Ecclesiae
2410 5446 2874 5502 Antissiodorensi
2911 5444 3175 5499 statuitur
3213 5447 3268 5502 S.
3312 5449 3512 5502 Att-na-

1902 5520 2019 5573 rius
2047 5519 2114 5574 al)
2145 5536 2290 5573 anno
2311 5519 2516 5591 Christi
2540 5516 2881 5591 σπείων-571
2901 5532 3084 5591 usque
3109 5517 3176 5571 ad
3208 5518 3332 5591 603,
3366 5517 3513 5589 quod

1905 5591 2142 5662 amplius
2173 5590 2476 5646 examinari
2510 5595 2713 5660 poterit
2752 5585 2840 5639 die
2893 5587 2962 5640 25
2998 5585 3360 5658 Septembris,
3382 5585 3515 5661 'quo

1908 5666 2133 5718 cohtur.
