4078 6182
543 263 685 322 U35

1533 252 1773 312 HERICI
1814 250 2136 311 MONACHI
2173 251 2837 310 ANTISSIODORENSIS

3696 249 3835 304 U35

541 412 658 470 rius
672 409 842 482 gratia
855 407 952 466 Dei
965 406 1271 481 episcopus,
1287 405 1344 462 in
1357 403 1597 462 Domino
1612 411 1869 460 aternam
1886 405 2138 462 salutem.
2172 410 2224 468 Α
2254 405 2440 460 fuerit.
2473 402 2682 460 Jacebit
2711 402 2954 475 profecto
2984 401 3250 459 ﬂuctuum
3281 399 3510 456 elisione
3539 408 3854 459 truncatus.

629 523 648 551 ι
670 499 800 556 Tua
821 498 982 556 nobis
1001 497 1267 555 doctrina
1288 496 1480 552 multis
1495 493 1609 567 jam
1638 494 2031 568 experimentis
2051 513 2140 568 ap-

542 589 769 664 probata
797 586 1088 660 prudentia
1123 584 1395 656 compulit
1434 600 1535 639 nos
1564 583 1857 656 quamdam
1886 584 1998 640 tuis
2027 584 2144 639 hu-

543 678 710 736 meris
766 675 1116 749 imperiosam
1169 689 1535 745 superponere
1597 672 1931 729 sarcinulam
1975 690 1988 729 :
2049 673 2144 730 sed

542 785 684 837 eam,
717 783 837 840 qua
868 765 970 822 tibi
1002 781 1114 822 non
1144 765 1216 820 sit
1246 763 1420 832 oneri,
1465 763 1559 820 sed
1601 763 1837 820 honori:
1884 777 1985 820 nec
2023 779 2144 836 qua

542 859 800 919 deorsum
848 855 1040 928 iniquo
1087 854 1326 928 pondere
1373 860 1604 926 premat,
1649 853 1745 909 sed
1794 869 1913 925 qua
1960 853 2145 924 potius

543 949 745 1007 calum
791 962 962 1020 usque
1009 947 1281 1004 sustollat.
1324 945 1620 1017 Cognitum
1659 944 1761 999 tibi
1790 951 1892 1010 est,
1923 943 2145 1001 charis-

546 1044 684 1101 sime
727 1041 914 1107 frater,
956 1055 1076 1111 qua
1105 1039 1177 1094 sit
1206 1037 1572 1094 humanarum
1605 1036 1872 1093 mentium
1901 1037 2142 1094 diversi-

535 1137 652 1200 ‘tas,
674 1137 728 1186 et
753 1127 1219 1202 quemadmodum
1249 1127 1431 1184 studia
1449 1127 1508 1182 in
1533 1127 1808 1184 contraria
1827 1143 1938 1183 non
1961 1129 2139 1182 solum

546 1219 710 1276 inane
738 1218 958 1289 vulgus,
990 1232 1182 1272 verum
1214 1217 1379 1273 etiam
1406 1215 1664 1273 universa
1684 1215 1966 1272 scindatur
1986 1214 2140 1271 nobi-

544 1310 688 1366 litas.
722 1307 795 1363 Et
824 1306 1046 1380 quidam
1076 1305 1300 1379 quidem
1329 1306 1576 1379 prosaico
1597 1305 1942 1362 oblectantur
1960 1305 2135 1376 stylo;

543 1398 768 1472 quidam
809 1405 992 1453 autem
1030 1395 1277 1452 numeris
1319 1411 1375 1452 se
1412 1395 1762 1468 rhythmisve
1795 1411 1860 1452 ac
1886 1394 2142 1452 cantibus

541 1503 802 1546 versuum
831 1485 1090 1542 delectari
1120 1485 1381 1542 fatentur.
1421 1486 1568 1558 Ergo
1604 1493 1666 1541 ut
1708 1484 1957 1541 omnium
1997 1483 2142 1541 votis

541 1593 904 1646 occurrerem,
965 1582 1020 1631 et
1065 1575 1252 1631 nullus
1302 1590 1401 1632 suo
1447 1574 1720 1632 desiderio
1773 1574 2138 1643 fraudaretur,

542 1669 749 1742 placuit
790 1665 952 1735 mihi,
996 1673 1059 1723 ut
1096 1665 1254 1722 Vitas
1291 1665 1731 1722 beatissimorum
1764 1665 2140 1721 Professorum

2258 495 2506 570 quisquis
2534 512 2645 552 sua
2676 492 3022 566 procacitatis
3051 491 3181 548 fisus
3213 498 3651 558 auctoramento,
3686 492 3859 548 indo-

2257 587 2418 642 cilem
2449 586 2581 642 ratis
2609 585 2886 642 dexteram
2920 583 3119 656 ingerit
3148 583 3324 638 clavo.
3359 581 3449 638 Sic
3479 584 3859 656 unusquisque

2258 675 2316 730 in
2346 676 2627 732 diversum
2660 674 2947 747 imperitia
2986 673 3156 730 hamo
3187 671 3543 740 inscinditur,
3577 672 3623 728 si
3655 672 3860 729 docto-

2257 781 2378 822 rum
2419 765 2700 822 favoribus
2735 765 2963 822 minime
2995 763 3305 835 adjuvetur.
3339 763 3504 836 Ergo,
3536 762 3860 820 beatissime

2256 859 2363 926 vir,
2393 874 2593 930 quaso,
2634 865 2698 912 ut
2726 857 2823 912 illa
2847 855 2985 911 mihi
3015 856 3236 913 culmen
3265 854 3436 926 apicis
3468 854 3552 908 tui
3584 854 3857 925 imponat,

2256 963 2373 1020 qua
2405 947 2563 1002 facile
2591 963 2678 1002 me
2703 961 2858 1018 posse
2888 944 3146 1018 perficere
3178 959 3291 999 non
3320 943 3557 999 dubitat.
3592 942 3650 998 Si
3674 951 3859 999 tamen

2255 1043 2308 1092 et
2343 1035 2401 1090 in
2432 1035 2536 1092 hoc
2562 1051 2747 1108 opere,
2782 1033 3053 1107 quidquid
3093 1032 3318 1104 illepide
3355 1041 3449 1088 aut
3489 1032 3730 1088 infacete
3757 1047 3862 1087 ru-

2256 1125 2391 1181 stica
2429 1126 2722 1196 garrulitas
2763 1123 3072 1196 digesserit,
3123 1122 3505 1196 aquanimiter
3551 1123 3716 1190 feras,
3758 1139 3862 1193 ag-

2256 1215 2512 1288 grediar;
2552 1223 2606 1270 et
2636 1214 2852 1282 faciam,
2885 1230 3006 1286 qua
3057 1221 3284 1286 paterna
3328 1213 3562 1286 imperat
3605 1231 3671 1270 ac
3702 1212 3862 1284 jubet

2254 1305 2571 1362 auctoritas.
2606 1303 2739 1361 Vale
2769 1304 2993 1375 longum
3026 1302 3084 1358 in
3123 1310 3360 1376 tempus,
3392 1302 3617 1360 domine
3645 1319 3862 1375 semper

2255 1415 2408 1457 meus
2437 1405 2491 1455 et
2517 1397 2814 1471 apostolice
2852 1413 3006 1470 papa.
3039 1421 3057 1445 ι

2329 1491 2379 1544 7.
2413 1488 2511 1543 His
2537 1486 2775 1544 sollicita
2823 1487 3058 1545 lectione
3094 1484 3360 1556 decursis,
3392 1486 3726 1560 tandemque
3766 1505 3859 1546 re-

2257 1579 2370 1633 fatu
2392 1575 2762 1633 assistentium
2786 1575 3103 1647 hujusmodi
3121 1591 3259 1648 opus
3271 1592 3434 1648 penes
3455 1593 3555 1632 nos
3575 1593 3856 1650 nunquam

2254 1677 2308 1724 et
2328 1682 2597 1739 nusquam
2630 1667 2875 1738 paruisse
2906 1664 3270 1737 comperiens,
3302 1667 3479 1721 multa
3506 1667 3856 1723 animositate

541 1757 804 1834 quasdam
854 1755 989 1830 pede
1037 1753 1210 1811 libero
1257 1753 1642 1824 describerem,
1697 1753 1961 1828 quasdam
2009 1771 2142 1810 vero
2168 1777 2212 1836 B
2253 1763 2554 1828 correptus,
2585 1755 2734 1828 quod
2763 1762 2978 1811 tantum
3009 1771 3147 1828 opus
3166 1754 3370 1810 frustra
3399 1754 3697 1812 hominum
3721 1759 3854 1816 noti.

541 1847 658 1917 lege
706 1846 934 1901 metrica
980 1843 1272 1915 impeditas
1319 1841 1643 1914 digererem.
1691 1843 1774 1900 Ob
1820 1859 1983 1916 quam
2022 1857 2138 1897 rem

540 1935 767 1992 obsecro
801 1933 1014 1990 unitam
1057 1931 1198 1988 mihi
1239 1939 1346 1988 tua
1377 1931 1694 1989 dilectionis
1722 1931 2044 1997 amicitiam,
2079 1936 2141 1985 ut

539 2023 843 2080 beatissimi
871 2022 1129 2078 Germani
1151 2021 1391 2094 episcopi
1415 2022 1602 2079 Vitam
1634 2023 1692 2078 in
1723 2037 1982 2078 versuum
2009 2035 2138 2091 qua-

540 2112 750 2168 litatem
790 2120 1128 2170 commutare
1161 2129 1273 2168 non
1302 2112 1532 2168 desistas
1557 2130 1569 2168 :
1601 2111 1775 2168 sancti
1804 2127 1936 2166 vero
1963 2112 2140 2165 Ama-

541 2203 678 2260 toris
712 2201 960 2276 prosaica
993 2202 1369 2260 modulatione
1406 2202 1683 2260 describas
1712 2220 1723 2258 :
1757 2209 1818 2258 ut
1847 2207 2139 2258 sectatores

538 2292 848 2366 apostolica
905 2292 1318 2365 praedicationis
1372 2292 1574 2360 effecti,
1631 2291 1890 2348 omnibus
1954 2289 2176 2346 omnia

539 2382 862 2451 efﬁciamur,
897 2389 952 2437 et
980 2381 1122 2437 nulli
1153 2382 1454 2454 quidquam
1484 2380 1797 2450 debeamus,
1831 2379 1938 2435 nisi
1968 2386 2030 2434 ut
2059 2379 2138 2433 in-

543 2473 716 2531 vicem
765 2473 1080 2546 diligamus.
1125 2473 1478 2529 lndividuam
1511 2472 1649 2529 mihi
1682 2472 2006 2529 charitatem
2035 2485 2142 2524 ve-

538 2569 703 2619 stram
755 2559 949 2616 divina
986 2562 1259 2617 custodiat
1299 2561 1490 2632 pietas,
1529 2559 1863 2616 venerabilis
1895 2559 2082 2614 frater.
2106 2581 2125 2605 ι

607 2650 662 2705 6.
694 2649 1040 2721 Rescriptuni
1070 2649 1298 2703 antefati
1332 2647 1668 2719 presbyteri:
1710 2646 1982 2702 «Domino
2002 2645 2141 2700 bea-

539 2737 752 2792 tissimo
779 2743 833 2790 et
863 2735 1181 2808 apostolicis
1219 2734 1412 2791 infulis
1454 2735 1730 2804 decorato,
1781 2733 1924 2808 patri
1965 2734 2140 2806 spiri—

537 2827 660 2892 tali,
707 2826 954 2880 Aunario
993 2824 1268 2899 episeopo,
1311 2824 1639 2898 Stephanus,
1678 2825 1926 2882 omnium
1956 2841 2139 2881 servo-

538 2929 660 2970 rum
689 2913 898 2972 Christi
927 2913 1191 2970 famulus.

623 3041 916 3100 «Decursis
958 3040 1157 3098 litteris
1200 3041 1536 3115 apostolatus
1577 3040 1767 3111 vestri,
1807 3057 1916 3114 quo
1961 3038 2135 3098 sancti

2252 1846 2342 1902 tiae
2381 1846 2696 1918 deperisset,
2728 1863 2824 1920 per
2852 1846 2970 1903 dies
2998 1847 3209 1920 aliquot
3231 1848 3468 1905 internis
3498 1849 3675 1904 animi
3700 1867 3852 1922 ango-

2252 1934 2403 1990 ribus
2437 1935 2780 2007 carpebatur.
2815 1935 3168 2009 Tandemque
3212 1953 3319 2002 me,
3361 1937 3458 2010 qui
3503 1945 3623 1992 tum
3677 1955 3853 1994 recens

2252 2022 2456 2080 scholis
2483 2039 2832 2094 emerseram,
2866 2033 3193 2093 convocato,
3239 2025 3486 2082 dolorem
3517 2028 3699 2099 aperit
3727 2028 3853 2083 inte.

2252 2117 2458 2173 stinum
2492 2134 2505 2184 ;
2549 2124 2718 2190 utque
2750 2118 2822 2186 ei,
2855 2118 2900 2174 si
2931 2134 3037 2191 qua
3069 2133 3302 2191 possem,
3334 2118 3548 2174 ratione
3592 2120 3848 2188 mederer,

2252 2206 2628 2279 importunius
2657 2215 3000 2265 contestatur
3033 2226 3044 2265 :
3077 2208 3288 2265 scilicet
3319 2217 3401 2277 ut,
3437 2209 3587 2280 quod
3620 2209 3850 2265 elabora-

2251 2305 2369 2353 tum
2393 2295 2670 2370 quondam
2691 2296 2750 2352 in
2772 2296 3014 2369 praefatis
3034 2296 3287 2369 epistolis
3305 2298 3530 2369 legerat,
3564 2297 3848 2366 iterarem;

2250 2397 2512 2462 actusque
2542 2389 2800 2445 Germani
2829 2390 3377 2462 pracellentissimos
3413 2407 3444 2445 a
3473 2408 3634 2464 prosa
3665 2393 3723 2448 in
3756 2410 3850 2449 me-

2251 2486 2421 2548 trum,
2455 2478 2746 2537 desideriis
2771 2479 2924 2536 illius
2957 2480 3357 2549 satisfacturus,
3390 2481 3848 2540 transfunderem.

2251 2571 2467 2644 Expavi
2492 2571 2714 2643 (fateor)
2748 2572 3050 2644 negotium,
3088 2580 3142 2628 et
3170 2590 3332 2646 supra
3362 2573 3509 2630 vires
3544 2591 3663 2630 esse
3692 2592 3851 2649 repu-

2252 2671 2393 2732 tans,
2418 2663 2566 2736 quod
2597 2663 3004 2735 imponebatur,
3027 2665 3206 2736 quoad
3239 2665 3411 2737 potui,
3435 2667 3578 2721 colla
3595 2667 3846 2723 subduxi.

2251 2753 2486 2826 Objectu
2531 2754 2753 2810 tandem
2797 2755 3062 2826 regularis
3109 2757 3336 2827 capituli
3384 2756 3660 2826 addictus,
3716 2757 3851 2830 qued

2252 2850 2414 2907 etiam
2448 2850 2816 2924 impossibilia
2857 2860 3125 2926 pracepta
3165 2853 3378 2912 abbatis
3426 2856 3660 2912 minime
3699 2857 3850 2912 refu-

2253 2939 2450 3011 gienda
2481 2941 2810 3012 prascribit,
2842 2943 3056 3016 suscepi
3102 2944 3323 3017 quidem
3354 2947 3438 3016 (ut
3465 2963 3564 3018 par
3591 2955 3732 3017 erat)
3760 2945 3850 3017 ju-

2252 3027 2433 3085 bentis
2464 3030 2784 3104 imperium,
2813 3049 3125 3107 quanquam
3160 3035 3315 3091 nulla
3341 3035 3547 3092 virium
3579 3039 3849 3096 conscieu.

535 3130 794 3192 desiderii
843 3133 1025 3203 ardor,
1074 3149 1290 3189 summa
1335 3133 1616 3190 alacritate
1667 3132 1972 3206 pertendat,
2021 3133 2136 3188 luce

2252 3118 2349 3187 tia,
2399 3137 2614 3190 verum,
2665 3132 2727 3180 ut
2771 3123 3052 3181 institutio
3103 3135 3405 3198 pramonet
3456 3130 3744 3199 regularis,
3792 3127 3851 3184 de

536 3223 740 3282 clarius
770 3222 1090 3296 approbavi.
1122 3223 1222 3280 Est
1251 3221 1420 3295 igitur
1447 3221 1758 3278 devotionis
1783 3230 1977 3278 vestra
2004 3237 2140 3293 pro-

536 3315 800 3389 positum,
823 3316 1070 3371 virorum
1093 3313 1605 3386 opinatissimorum
1629 3312 1888 3368 Germani
1906 3319 1959 3367 et
1979 3312 2139 3367 Ama-

536 3405 674 3461 toris
701 3404 912 3460 ﬂorida
943 3404 1073 3460 vita
1103 3404 1320 3460 nobiles
1353 3413 1506 3461 actus
1548 3401 1878 3459 describere.
1927 3401 2032 3456 Sed
2071 3400 2139 3456 ad

537 3509 630 3550 eos
674 3493 1005 3566 lepidissimi
1049 3492 1206 3549 callis
1247 3492 1418 3548 vestri
1457 3490 1726 3563 dirigatur
1755 3490 2012 3559 intentio,
2044 3489 2139 3561 qui

535 3581 749 3655 possint
769 3583 1048 3640 virtutum
1067 3593 1090 3620 ι
1121 3581 1334 3637 lumina
1366 3581 1660 3654 aquiperis
1687 3580 1943 3636 affatibus
1971 3579 2137 3652 inspi-

535 3690 678 3731 care.
711 3673 918 3731 Verum
950 3689 1069 3745 ego,
1099 3671 1258 3744 cujus
1298 3672 1444 3728 iners
1486 3672 1770 3742 ingenium
1816 3670 2032 3742 gemino
2069 3670 2137 3725 ri-

537 3777 663 3834 gore
700 3761 984 3834 torpescit,
1028 3768 1083 3817 et
1126 3761 1313 3833 lingua
1350 3759 1665 3816 balbutiens
1708 3759 1951 3814 faucium
1995 3759 2140 3814 inter

536 3850 856 3908 raucidulos
886 3867 1078 3907 cursus
1104 3849 1356 3922 squalido
1381 3849 1494 3906 situ
1519 3847 1805 3920 impedita,
1829 3864 1941 3903 non
1961 3847 2137 3920 loqui-

536 3945 650 4006 tur,
698 3940 794 3995 sed
841 3937 1038 3994 stridet
1080 3939 1301 4010 potius;
1343 3937 1618 4008 quomodo
1646 3942 1835 4008 potero
1865 3937 2138 3995 divinitus

537 4028 808 4100 inspirata
852 4027 1100 4084 virorum
1151 4026 1625 4084 sanctissimorum
1682 4043 1913 4084 munera
1962 4029 2137 4101 polito

537 4117 796 4190 expedire
824 4132 1075 4173 sermone
1100 4135 1114 4186 ;
1148 4116 1244 4190 qui
1273 4133 1373 4173 nec
1404 4117 1618 4190 privata
1645 4133 1869 4188 possum
1893 4117 2136 4174 humano

536 4220 666 4262 casu
685 4205 933 4262 confecta
954 4206 1173 4278 negotia
1199 4206 1476 4278 explicare
1492 4205 1520 4262 7
1549 4205 1807 4263 Ridiculo
1837 4206 1920 4278 (ni
1947 4206 2132 4279 fallor)

537 4294 917 4368 inexplicabili
965 4311 1029 4352 ac
1075 4295 1320 4352 ludibrio
1367 4302 1538 4351 semet
1585 4294 1837 4368 impedit,
1884 4297 2136 4370 quisquis

535 4386 683 4440 ultra
725 4384 932 4441 virium
973 4401 1196 4440 suarum
1235 4384 1656 4456 possibilitatem
1703 4400 1842 4440 onus
1883 4385 2130 4442 assumit.

2251 3211 2520 3290 cliarit-ate
2548 3216 2851 3284 conﬁdens,
2904 3225 2958 3272 et
2999 3218 3065 3274 de
3111 3219 3388 3290 adjutorio
3438 3221 3536 3276 Dei
3570 3221 3847 3279 obediens.

2251 3288 2363 3359 Vix
2392 3303 2597 3374 primas
2629 3306 2810 3378 operis
2839 3317 3020 3378 partes
3044 3288 3329 3380 attigeram
3367 3328 3378 3366 :
3412 3317 3464 3365 et
3498 3309 3630 3380 (heu
3660 3311 3850 3367 misera

2251 3390 2506 3446 humana
2549 3393 2799 3449 conditio
2849 3396 3014 3452 sortis
3058 3398 3097 3469 ε)
3147 3397 3313 3454 abbas
3358 3399 3454 3454 ille
3484 3417 3658 3468 meus,
3691 3416 3848 3473 prope

2249 3479 2396 3536 diem
2447 3481 2669 3538 futurus
2721 3483 2778 3537 in
2816 3483 2949 3540 orbe
2995 3493 3265 3542 terrarum
3315 3487 3609 3557 mirabilis,
3643 3498 3846 3545 tenems

2248 3569 2520 3625 excedens
2551 3579 2725 3642 artus,
2762 3573 3149 3648 intempestiva
3190 3578 3453 3634 saculum
3491 3589 3666 3634 morte
3689 3578 3845 3634 dese-

2250 3659 2380 3716 ruit.
2429 3660 2530 3716 llic
2566 3679 2725 3720 casus
2776 3671 2890 3720 tam
2937 3667 3205 3740 lugubris,
3245 3677 3355 3724 tam
3396 3669 3622 3726 acerbus
3667 3670 3843 3725 omnia

2249 3750 2387 3805 mihi
2418 3752 2621 3821 studia,
2651 3770 2841 3813 omnes
2871 3774 3030 3815 curas
3050 3769 3394 3828 excusserat;
3423 3762 3532 3818 nisi
3555 3762 3844 3834 probabilis

2247 3839 2345 3895 illa
2372 3843 2644 3900 sententia
2670 3845 2857 3903 animo
2885 3848 3235 3907 subvenisset
3267 3869 3282 3918 ;
3323 3850 3574 3907 dolorem
3612 3861 3843 3924 tempore

2248 3931 2425 3986 minui
2483 3951 2496 4000 ;
2565 3935 2820 4008 quodque
2862 3938 3199 3996 diuturnitas
3243 3941 3480 3998 allatura
3523 3951 3683 4012 esset,
3735 3956 3843 4014 qua

2247 4021 2522 4077 maximos
2572 4024 2752 4081 luctus
2803 4035 3074 4085 vetustate
3120 4030 3289 4099 tollit,
3338 4031 3396 4087 id
3439 4047 3541 4087 nos
3583 4031 3842 4087 anteferre

2245 4109 2478 4166 consilio
2508 4112 2907 4189 prudentiaque
2939 4117 3156 4176 debere.
3206 4121 3316 4176 Hac
3359 4120 3694 4194 cogitatione
3721 4120 3844 4174 ani-

2246 4215 2398 4253 mum
2435 4199 2654 4274 impuli,
2706 4211 2767 4259 ut
2813 4206 2946 4262 vivo
2992 4209 3351 4280 morigeratus
3400 4211 3634 4280 fueram,
3685 4213 3840 4266 etiam

2244 4296 2462 4344 mortuo
2523 4291 2770 4365 obsequi,
2830 4294 2999 4368 inque
3047 4297 3295 4356 defuncti
3353 4301 3608 4373 gratiam,
3669 4308 3843 4372 coepto

2243 4379 2394 4449 Operi
2427 4379 2784 4451 perfectionis
2809 4385 3168 4456 pertinaciam
3200 4389 3513 4447 admovere.
3555 4391 3757 4457 Institi,
3787 4397 3844 4444 ut

535 4473 728 4530 Nonne
756 4475 996 4530 ferarum
1037 4482 1333 4532 sectatores
1373 4474 1419 4530 si
1464 4474 1650 4530 minus
1690 4476 1932 4546 captiosa
1975 4475 2133 4532 indu-
2164 4499 2214 4558 D
2246 4468 2398 4538 Ροῑυί
2431 4487 2444 4536 ;
2487 4477 2540 4525 et
2567 4487 2678 4526 non
2706 4472 2884 4530 inVila
2915 4476 3183 4546 Minerva,
3212 4479 3488 4535 voluntati
3509 4479 3665 4535 bona
3700 4481 3845 4534 laxas

537 4565 671 4621 stria
728 4565 1087 4635 formaverit,
1145 4566 1328 4622 audax
1378 4567 1656 4622 temeritas
1712 4565 2134 4638 pessumdabit?

533 4655 826 4728 Nunquam
863 4656 971 4710 tiro
1010 4654 1258 4710 victoria
1296 4662 1653 4710 monumenta
1695 4671 1882 4727 parma
1918 4655 2134 4729 depicta

541 4744 792 4816 gestabit,
842 4745 888 4800 si
937 4761 1062 4801 eum
1112 4745 1274 4802 docta
1318 4745 1564 4802 veterani
1601 4747 1852 4819 exempla
1890 4763 2001 4803 non
2034 4748 2132 4803 in-

539 4834 862 4890 struxerint.
899 4833 1191 4908 Nunquam
1218 4835 1383 4890 etiam
1410 4835 1550 4890 aeris
1573 4837 1821 4906 patulum
1848 4836 1954 4892 iter
1978 4844 2131 4893 tutus

539 4925 651 4981 ales
678 4922 964 4991 resecabit,
992 4924 1081 4979 cui
1112 4925 1318 4996 pravia
1345 4923 1459 4980 dux
1498 4924 1760 4996 penniger
1803 4932 1975 4981 mater
2016 4942 2127 4982 non

602 5065 627 5092 ι
661 5050 973 5124 ίΕᾳιιὶρενίε
999 5051 1249 5122 aﬂ'atib‘us
1273 5050 1552 5124 inspicare.
1578 5052 1657 5124 Ita
1684 5051 1925 5124 optimus
1953 5053 2128 5109 codex

533 5133 719 5181 noster
748 5123 1157 5196 Lugdunensis.
1183 5124 1287 5178 Pro
1317 5123 1517 5194 quibus
1546 5123 1744 5196 legitur
1774 5125 1832 5179 in
1864 5142 1964 5180 ms.
2008 5125 2126 5196 Bel-

531 5196 773 5252 fortiano
800 5214 812 5250 :
844 5194 1163 5250 convenienti
1189 5196 1428 5248 oratione
1454 5195 1732 5250 celebrare.
1773 5195 1876 5252 Sed
1918 5213 2018 5251 ms.
2062 5195 2125 5250 il-

531 5267 624 5339 lud
655 5267 857 5339 passim
879 5266 1271 5339 interpolatum
1295 5272 1374 5339 est
1417 5265 1640 5339 InAHist.
1674 5283 1795 5338 epp.
1818 5267 2122 5339 Antissiod.

529 5336 803 5409 habetur:
837 5336 1126 5408 wquipdris
1168 5336 1430 5409 a/ﬂatibus
1472 5336 1761 5409 inspiceréf
1792 5338 1914 5394 Non
1957 5345 2121 5394 recte.

527 5408 628 5464 Est
653 5411 802 5466 enim
833 5425 1024 5465 sensus
1045 5408 1319 5481 auctoris:
1353 5408 1544 5481 Quare
1574 5408 1876 5481 tibialium
1897 5411 2124 5481 scripto-

526 5493 665 5553 r_em,
702 5481 746 5535 O
771 5481 979 5553 prasul
1021 5480 1252 5549 Aunari,
1298 5480 1390 5552 qui
1432 5481 1604 5553 possit
1633 5480 1726 5538 SS.
1761 5480 2039 5553 Amatoris
2068 5489 2123 5536 et

531 5549 801 5604 Germanf
821 5553 1054 5607 virtutes
1088 5560 1198 5607 tam
1230 5549 1558 5608 excellentes
1587 5569 1698 5608 non
1730 5552 1977 5608 inferiori
2011 5553 2121 5607 elo-

525 5618 658 5689 quio
702 5620 995 5678 illustrare.
1038 5623 1226 5695 Itaque
1265 5624 1522 5679 virtutum
1563 5624 1786 5693 lmnina,
1829 5639 1925 5680 seu
1953 5623 2116 5694 faces,

2243 4558 2569 4627 permittens
2599 4559 2862 4629 habenas,
2894 4575 3187 4638 conceptos
3212 4568 3490 4625 interdum
3523 4569 3704 4624 luctus
3733 4584 3843 4622 mu-

2246 4661 2424 4702 sarum
2447 4649 2712 4721 colludio,
2737 4661 2995 4727 tanquam
3023 4656 3142 4715 noti
3161 4657 3444 4732 cujusdam
3467 4657 3844 4714 medicaminis

2243 4746 2378 4804 arte,
2421 4738 2688 4796 levabam.

2313 4826 2366 4881 8.
2399 4827 2721 4886 Confectum
2751 4849 2880 4890 sane
2908 4851 3045 4908 opus
3076 4836 3135 4892 in
3163 4838 3445 4910 publicum
3473 4837 3632 4894 edere
3653 4837 3844 4911 displi-

2242 4913 2438 4982 cebat;
2475 4917 2643 4987 quod,
2676 4921 2765 4975 cui
2814 4921 2955 4979 illud
2993 4925 3326 4982 destinarem
3368 4928 3700 5000 specialiter,
3734 4944 3840 4982 non

2241 5040 2517 5133 fgpjpfris
2545 5045 2794 5133 aﬂalibus
2823 5050 3212 5133 inspirarehest
3236 5053 3469 5133 virtutes
3490 5053 3624 5133 illas
3654 5055 3742 5133 sic
3759 5069 3839 5109 or-

2241 5115 2654 5198 naredic‘endo,
2688 5128 2750 5198 ut
2781 5115 3060 5198 inspicata
3087 5115 3176 5195 '(id
3204 5133 3286 5198 est
3327 5126 3384 5180 in
3420 5126 3585 5198 spica
3617 5127 3835 5198 modum

2237 5187 2500 5268 concisa).
2529 5204 2624 5258 per
2655 5187 2985 5250 rhetoricam
3018 5187 3162 5253 faces
3197 5187 3510 5265 videantifr,
3553 5197 3713 5268 cujus
3741 5212 3837 5267 ope

2239 5254 2592 5340 luculentius,
2626 5277 2786 5340 quam
2818 5281 2914 5336 per
2941 5282 2997 5322 se
3042 5267 3233 5339 possit,
3274 5254 3714 5340 quaquaversum
3745 5254 3838 5322 1&-

2240 5341 2362 5413 men
2393 5329 2695 5409 effundant.
2715 5329 2867 5413 Estis
2894 5345 2974 5394 est
2999 5329 3185 5396 eadem
3217 5329 3361 5397 'vo'ce
3397 5329 3663 5413 Virgilius
3689 5340 3783 5398 lib.
3814 5354 3834 5395 ι

2239 5397 2511 5471 Georgic.,
2539 5418 2681 5461 vers.
2712 5405 2836 5476 291,

2370 5567 2434 5640 ξι
2462 5572 2668 5640 quidam
2709 5587 2850 5640 seros
2885 5573 3083 5640 hibirni
3114 5574 3180 5625 ad
3205 5576 3416 5626 luminis
3439 5578 3584 5640 ignes

2371 5635 2676 5698 Pervigilat,
2706 5639 2941 5702 ferroque
2971 5639 3106 5688 faces
3136 5640 3336 5703 inspica
3363 5635 3531 5689 acuto.
