4078 6182
262 239 401 328 ίίδὴ

1040 270 1135 328 DE
1175 270 1346 329 VITA
1383 269 1438 329 S.
1481 270 1822 333 GERMANI.
1865 303 1936 320 -—
1971 273 2320 334 AUCTORIS
2357 273 2771 335 INVOCATIO.

3421 283 3563 342 1138

251 424 381 482 satis
410 422 596 479 animo
625 420 1078 480 deliberaveram.
1100 424 1209 480 Diu
1227 426 1512 483 cunctanti
1527 443 1645 496 vos,
1669 427 1848 486 Casar
1875 431 1928 492 Α
1955 428 2060 486 hoc
2077 447 2092 498 ;
2125 444 2360 504 eumque
2395 446 2521 503 erga
2566 431 2829 490 Germani
2883 431 3250 491 reverentiam
3304 435 3556 494 animum

249 511 770 589 praecellentissimo,
805 529 922 581 vos,
959 514 1208 588 inquam,
1239 514 1509 573 intestatae
1542 519 1713 591 prolis
1745 519 1852 576 bae-

249 623 334 663 res
361 605 649 679 proximns
678 605 966 662 occurristi
991 625 1004 674 ;
1055 605 1174 678 ejus
1198 607 1344 663 bona
1372 607 1440 664 ad
1481 625 1578 666 vos
1607 611 1722 684 lege
1755 629 1852 668 re-

250 695 490 751 dierunt.
513 694 610 750 His
625 694 810 750 animo
831 695 1132 764 subductis,
1149 712 1313 753 ausus
1328 715 1449 754 sum
1481 697 1638 772 [ϐοά.
1678 702 1847 773 Lugd.

249 801 440 842 ausum
470 783 636 858 coepi]
669 783 773 841 hoc
800 784 1107 841 litterarum
1139 785 1208 841 ad
1242 795 1480 843 vestram
1510 789 1847 861 majestatem

249 875 601 949 praemittere,
625 890 744 946 quae
765 874 1043 947 sequentis
1073 876 1253 948 operis
1273 878 1691 948 continentiam,
1715 898 1848 953 prae-

247 972 456 1021 structo
491 963 727 1022 rationis
752 963 965 1033 ordine,
1000 967 1468 1024 commendarent.
1500 969 1650 1025 Habe
1680 970 1849 1042 igitur

246 1065 365 1127 post
387 1055 554 1110 funus
577 1053 926 1110 dilectissimi
947 1054 1050 1109 lilii
1073 1054 1480 1114 haereditarium
1500 1059 1717 1131 pignus,
1736 1076 1844 1132 quo

246 1153 297 1200 et
325 1143 571 1200 defuncti
603 1142 924 1199 memoriam
954 1145 1198 1200 suaviter
1228 1146 1508 1215 refricare,
1554 1154 1606 1203 et
1636 1147 1844 1221 integre

245 1232 422 1289 fidelis
452 1232 644 1288 famuli
675 1232 1025 1288 devotionem
1075 1233 1358 1290 advertere
1405 1236 1623 1304 valeas;
1667 1238 1760 1310 qui
1792 1246 1844 1294 te

244 1323 399 1377 nullo
430 1321 592 1378 modo
623 1337 811 1394 passus
841 1337 964 1378 sum
987 1323 1221 1380 extremi
1239 1324 1431 1380 saltem
1463 1326 1708 1383 muneris
1736 1327 1842 1383 uti-

244 1417 397 1475 litate
426 1418 688 1474 fraudari.

311 1508 363 1562 9.
397 1505 618 1563 Confeci
649 1513 908 1577 praeterea
939 1522 1007 1562 ex
1035 1507 1317 1566 miraculis
1346 1507 1838 1581 praecellentissimi

240 1595 498 1652 Germani
515 1596 839 1668 opusculum
862 1596 1012 1653 aliud
1031 1598 1266 1669 geminis
1301 1597 1624 1654 distinctum
1642 1597 1797 1654 libris
1821 1615 1834 1666 ;

237 1687 298 1743 in
319 1703 427 1760 quo
452 1688 580 1760 quia
604 1688 768 1744 vestri
792 1695 909 1744 tum
941 1688 1186 1745 nominis
1203 1696 1320 1745 tum
1348 1690 1612 1762 temporis
1629 1688 1837 1746 mentio

1959 521 2206 595 concipe,
2264 522 2360 596 qui
2411 522 2614 596 regiam
2673 539 2803 582 sane
2851 523 3040 583 deceat
3079 524 3436 597 majestatem.
3487 530 3560 590 Et

1923 630 2270 688 equanquam
2301 614 2470 671 astuti
2500 615 2591 684 sit,
2621 616 2807 672 omnia
2834 616 2903 673 ad
2930 633 3082 674 suam
3122 617 3422 675 utilitatem
3462 636 3559 676 re-

1958 703 2134 771 ferre;
2162 704 2219 759 in
2236 702 2342 759 hoc
2363 711 2550 770 tamen
2574 712 2628 761 et
2660 722 2759 778 pro
2779 705 2908 775 hoc,
2937 714 3176 779 quantus
3197 714 3435 780 quantus
3454 713 3555 778 est,

1959 791 2163 861 labore,
2194 792 2339 848 beati
2369 792 2554 865 potius
2583 794 2840 850 Germani
2874 796 3117 865 laudem,
3159 813 3323 871 quam
3362 813 3558 869 perso-

1957 899 2040 940 nae
2068 883 2302 955 propriae
2327 883 2547 955 requiro
2575 884 2823 940 favorem
2857 903 2867 941 :
2901 900 3069 957 quem
3099 885 3292 958 quanti
3335 886 3554 957 faciam,

1953 975 2114 1032 facile
2143 989 2400 1046 pernosse
2430 975 2681 1046 potestis,
2723 975 2768 1031 si
2800 975 2976 1031 nostri
3002 983 3250 1032 tenorem
3296 977 3558 1036 carminis

1954 1060 2146 1116 ordine
2188 1061 2540 1132 percurratis.
2595 1061 2769 1134 Longi
2820 1062 3008 1134 itaque
3065 1063 3283 1120 sudoris
3332 1079 3556 1120 usuram

1952 1166 2071 1206 eam
2100 1157 2317 1222 captare
2346 1150 2629 1222 percupio,
2662 1157 2724 1206 ut
2755 1151 3094 1223 glorificatur
3122 1154 3269 1209 Deus
3299 1152 3356 1208 in
3387 1153 3550 1209 mira-

1951 1240 2115 1307 culis,
2160 1240 2256 1314 qui
2297 1240 2478 1296 voluit
2526 1256 2641 1296 esse
2688 1239 3046 1296 admirandus
3084 1241 3145 1297 in
3193 1241 3434 1298 sanctis:
3486 1249 3550 1297 ut

1949 1332 2298 1389 sanctissimo
2347 1332 2618 1388 Germano
2652 1331 2709 1387 in
2739 1331 2902 1389 terris
2930 1333 3212 1390 veneratio
3241 1341 3450 1391 crescat
3496 1339 3551 1389 et

1950 1421 2142 1494 gloria,
2173 1422 2269 1494 qui
2299 1420 2442 1477 hanc
2489 1421 2549 1478 in
2599 1421 2915 1479 caelestibus
2949 1421 3192 1479 obtinuit
3229 1439 3325 1496 per
3363 1423 3550 1479 bono-

1949 1528 2069 1567 rum
2101 1528 2330 1584 operum
2355 1511 2736 1570 incrementa:
2788 1519 2852 1568 ut
2901 1512 3218 1585 acquiratur
3256 1511 3546 1571 aedificatio

1949 1601 2276 1673 legentibus,
2308 1617 2416 1674 pax
2441 1601 2817 1671 credentibus,
2851 1602 2996 1657 salus
3028 1601 3396 1671 imitantibus,
3430 1603 3548 1659 im-

1946 1691 2251 1748 mortalitas
2282 1690 2340 1746 in
2369 1691 2477 1748 ﬁde
2506 1691 2982 1764 perseverantibus
3007 1710 3018 1748 :
3062 1707 3170 1766 qua
3193 1701 3254 1749 ut
3283 1700 3544 1767 perpetuo

237 1775 582 1849 frequentius
617 1777 815 1850 agitur,
858 1787 1052 1834 vestrae
1091 1778 1460 1836 nihilominus
1489 1779 1629 1836 illud
1668 1778 1834 1835 malui
1872 1799 1917 1858 Β
1949 1781 2173 1853 polleas,
2221 1788 2274 1836 et
2313 1789 2566 1853 optamus
2631 1789 2684 1838 et
2746 1781 3016 1839 indefesse
3071 1798 3312 1851 oramus,
3355 1798 3542 1854 regum

235 1866 560 1924 celsitudini
609 1868 922 1924 dedicatum
957 1867 1082 1940 [al.,
1114 1867 1531 1943 dedicandum].
1557 1871 1760 1942 Accipe
1787 1877 1839 1926 et

1951 1871 2210 1938 maxime,
2239 1868 2612 1942 triumphator
2642 1879 2900 1943 perpelue
2946 1887 3008 1928 ac
3053 1887 3267 1943 semper
3295 1879 3539 1942 auguste.

1366 2051 1814 2126 AUCTORIS
1892 2048 2401 2126 lNVOCATlO.

1210 2204 1558 2268 Ph-aleucio
1604 2205 2166 2287 hendecassyllabo
2211 2201 2554 2284 descripta.

1675 2314 2094 2328 —_~

452 2370 538 2427 IO.
581 2369 875 2426 JEternum
907 2368 1207 2440 specimen,
1237 2368 1512 2444 decusque
1539 2386 1742 2440 rerum,

375 2463 676 2520 Causarum
705 2459 892 2528 series,
920 2457 1074 2532 origo
1117 2459 1276 2528 lucis,

371 2553 591 2610 Naturae
620 2550 896 2616 columen,
930 2555 1192 2621 paterque
1222 2549 1363 2618 veri,

372 2642 518 2697 Fons
546 2646 600 2697 et
626 2638 982 2711 principium,
1016 2637 1258 2712 bonique
1289 2655 1524 2709 summa,

374 2731 484 2787 Hac
515 2737 566 2786 te
605 2729 927 2802 suppliciter
955 2745 1216 2785 canemus
1244 2728 1386 2787 oda:

373 2827 627 2892 Oramus,
658 2824 842 2896 capias
875 2824 942 2880 ab
973 2840 1066 2880 ore
1096 2840 1318 2881 munus.

372 2917 416 2974 Ο
440 2915 676 2972 fecunda
707 2923 865 2987 Τριάς
894 2921 1061 2985 Μονάς
1086 2930 1190 2988 que
1219 2926 1245 2953 ι
1275 2913 1540 2987 simplex,

370 3013 477 3070 Seu
501 3020 554 3068 te
584 3012 940 3080 distribuant,
982 3018 1201 3082 Ελληνας
1229 3022 1364 3075 κατὰ
1387 3007 1431 3090 ³,

376 3119 572 3176 Οὐσίαν
595 3119 730 3174 Μίαν
763 3118 832 3180 εἰς
866 3125 1001 3192 τρεῖς
1028 3119 1344 3182 ὑποστάσεις
1368 3121 1426 3185 ος

370 3211 498 3278 Seu,
531 3211 676 3268 sicut
703 3211 894 3268 Latius
924 3211 1130 3269 fatetur
1157 3211 1327 3278 orbis,

449 3311 584 3367 Μίαν
604 3305 913 3380 ὕπὸστασιν,
951 3312 1084 3386 Τρία
1111 3309 1369 3386 πρόσωπα
1395 3303 1416 3333 ⁴
1442 3323 1457 3365 :

367 3401 516 3461 Idem
543 3417 752 3475 semper
782 3419 856 3471 es,
897 3403 1042 3458 idem
1077 3402 1359 3475 [Bel/art,
1401 3399 1547 3455 idem
1588 3399 1666 3473 et]
1709 3399 1822 3472 ipse

1451 3487 1714 3562 [constas,

367 3584 632 3655 Gignens,
666 3578 968 3648 ingenitus,
1008 3577 1169 3632 Pater
1196 3577 1429 3634 vocaris.

365 3671 440 3726 Te
467 3668 670 3723 Natum
700 3663 942 3737 genitum
971 3671 1124 3744 σοφία
1154 3664 1369 3736 plaudit
1393 3681 1405 3721 :

374 3767 561 3824 Vivax
581 3763 839 3836 Spiritus,
872 3779 941 3818 ex
971 3768 1204 3835 utroque
1230 3776 1456 3829 manas;

366 3855 726 3928 Personisque
753 3854 930 3911 tribus
958 3869 1236 3910 sacramus
1265 3866 1456 3919 unam,

364 3949 541 4006 Unam
571 3945 882 4017 colligimus
912 3945 972 4001 in
1001 3944 1090 4000 his
1119 3949 1300 4005 θιῶτιν
1321 3947 1341 3968 ⁸
1374 3961 1388 4016 ;

362 4047 496 4114 Quae
525 4045 604 4103 sic
633 4044 782 4101 dicta
806 4044 1001 4116 placet,
1035 4043 1180 4115 quod
1220 4055 1383 4096 omne
1410 4047 1599 4097 cernat
1618 4039 1637 4075 ί
1657 4056 1678 4104 ;

362 4138 470 4195 Seu
499 4134 647 4210 quod
684 4134 764 4191 sic
801 4133 985 4207 potius
1023 4148 1119 4206 per
1152 4147 1316 4189 omne
1348 4136 1531 4188 currat
1560 4137 1606 4198 ε,

288 4247 312 4274 ι
357 4234 659 4290 Hellenizat
687 4231 781 4288 hic
814 4231 1014 4304 passim
1045 4230 1312 4298 Hericus;
1347 4237 1428 4284 est
1451 4234 1635 4284 autem
1661 4234 1820 4296 ΤΡιὰς

219 4313 485 4392 Trinitas,
512 4319 666 4392 μονάς
706 4311 902 4366 unitas.

285 4393 309 4422 ⁸³
354 4383 595 4462 Ἐλληῦας
635 4399 792 4467 κατὰ,
825 4389 1108 4444 secundum
1140 4391 1370 4446 Grmcos.

287 4487 312 4512 ο
352 4473 416 4528 Id
443 4479 544 4539 est,
575 4471 923 4526 substantiam
948 4485 1110 4525 unam
1146 4470 1205 4524 in
1232 4477 1335 4526 tres
1363 4480 1636 4539 personas.

291 4545 320 4579 ά
359 4545 420 4599 In
453 4534 1021 4614 margineaddebatur
1068 4541 1185 4614 haec
1211 4534 1586 4614 notaiipsius,
1619 4534 1674 4591 ni
1704 4535 1818 4590 fal—

215 4619 327 4684 lor,
359 4614 542 4670 Ilerici
561 4609 596 4669 ;’
617 4638 634 4660 α
654 4612 1029 4684 Diﬂ’erentiam
1060 4611 1191 4668 facit
1220 4612 1274 4668 S.
1310 4609 1632 4684 Dionysius,
1664 4614 1817 4662 caete-

225 4715 242 4734 ι
290 4681 451 4758 rique
487 4686 738 4742 doctores
776 4683 952 4739 Graci
1001 4681 1146 4738 inter
1181 4691 1382 4756 οὐσίαν,
1427 4681 1485 4736 id
1523 4687 1605 4736 est
1639 4694 1817 4732 essen-

224 4795 243 4815 ι
292 4768 463 4835 tiam,
513 4773 567 4822 et
612 4771 924 4840 ὑπόστασιν,
970 4761 1027 4818 id
1073 4770 1154 4819 est
1202 4763 1593 4820 substantiam:
1637 4766 1817 4819 οὐσίαν

224 4877 243 4898 ι
289 4846 513 4916 quidem
556 4845 926 4916 intelligentes
968 4843 1188 4900 unicam
1219 4843 1373 4900 illam
1411 4860 1474 4901 ac
1507 4844 1816 4916 simplicem

224 4877 243 4898 ι
331 4863 513 4902 niuem
556 4863 926 4916 intelligentes
968 4863 1188 4900 unicam
1219 4863 1373 4900 mam
1411 4863 1474 4901 ac
1508 4863 1815 4916 sunpucem

224 4947 242 4968 .
289 4863 504 4973 Ἆὶνὶῐιδθ
534 4916 799 4972 bonitatis
830 4923 1078 4971 naturam
1103 4933 1116 4982 ;
1155 4919 1444 4976 ὑπόστασιν
1472 4915 1815 4987 singularum

224 5025 244 5048 ι
289 5011 646 5068 personarum
669 4995 947 5068 propriam
970 5002 1026 5068 et
1036 4993 1395 5068 individuam
1421 4994 1811 5068 substantiam:

224 5097 243 5120 ι
287 5061 492 5123 dicunt
515 5061 994 5123 enim'sec'undum
1014 5065 1168 5137 illum
1195 5065 1431 5137 priorem
1462 5065 1816 5137 versiculum,
1849 5061 1897 5118 D

222 5168 242 5189 ι
289 5153 458 5194 unam
490 5137 778 5193 essentiam
796 5137 856 5194 in
887 5137 1065 5192 tribus
1086 5134 1425 5192 substantiis.
1459 5135 1688 5196 Sanctus
1715 5134 1825 5195 au-F

221 5237 242 5261 .
288 5219 400 5265 tem
433 5208 796 5280 Augustinus,
830 5207 1120 5280 caeterique
1152 5207 1338 5280 Patres
1366 5205 1650 5280 Latialiter
1677 5210 1824 5268 scri-

225 5309 246 5334 ε
292 5281 506 5348 bentes,
531 5278 696 5336 ﬁdem
720 5289 919 5336 sanctae
943 5278 1236 5351 Trinitatis
1251 5278 1596 5351 exprimunt,
1624 5281 1824 5338 dicen-

226 5383 246 5405 .
291 5361 378 5408 tes
430 5367 598 5407 unam
647 5351 1008 5408 substantiam
1054 5349 1112 5405 in
1133 5349 1339 5421 rtribus'
1385 5350 1651 5421 personis.
1704 5353 1823 5409 Una

221 5452 241 5474 ι
290 5422 592 5496 eademque
618 5422 757 5496 ﬁdes
784 5430 865 5479 est
903 5422 962 5477 in
991 5420 1269 5496 omnibus,
1319 5420 1572 5496 quamvis
1600 5423 1822 5496 signiﬁ-

220 5523 241 5546 ι
289 5492 576 5550 cationum
611 5493 868 5550 videatur
897 5509 1012 5550 esse
1042 5492 1351 5549 diversitas}
1386 5492 1822 5552 -Sublata'nunc

210 5564 542 5632 difﬁcultas,
569 5572 857 5637 postquam
883 5570 1159 5633 ίπάστασις
1181 5563 1373 5622 Latine
1391 5563 1502 5622 dici
1524 5565 1690 5638 coepit
1708 5582 1820 5624 non

210 5643 541 5713 substantia,
574 5644 666 5700 sed
694 5645 1048 5702 subsistentia.

290 5732 314 5758 ⁸
360 5727 552 5776 Θιῶτιν
575 5732 673 5789 pro
705 5722 944 5784 Θειότητα
968 5732 1064 5774 seu
1093 5720 1330 5795 θεότητα,
1364 5717 1710 5776 divinitatem.

2087 2368 2158 2427 Ut
2192 2383 2462 2441 nusquam
2491 2375 2678 2424 tamen
2708 2366 2903 2424 extrah
2929 2384 2987 2424 se
3015 2367 3222 2426 feratur

2087 2458 2227 2517 Cum
2255 2458 2330 2514 sit
2359 2464 2561 2526 motus,
2593 2465 2648 2514 et
2675 2455 2820 2512 idem
2851 2457 2967 2529 ipse
2987 2465 3181 2526 status,

2085 2549 2158 2605 Et
2187 2555 2370 2604 motus
2398 2546 2615 2604 stabilis
2639 2564 2652 2614 ;
2684 2554 2749 2603 ut
2773 2547 2906 2602 olim
2932 2545 3110 2614 aiunt,

2085 2638 2269 2695 Status
2295 2636 2520 2693 mobilis
2549 2643 2714 2709 atque
2741 2654 2752 2692 :
2785 2635 2865 2692 sic
2894 2635 3106 2708 priores

2083 2728 2302 2786 Dixisse
2331 2727 2559 2785 invenio
2587 2734 2641 2784 et
2679 2726 2987 2799 peritiores.

2156 2827 2241 2883 Ii.
2279 2809 2368 2878 Ὠν
2397 2823 2411 2862 ί
2435 2823 2902 2895 substantiﬁcum,
2928 2823 3422 2902 rdnogqueirerum
3447 2844 3463 2894 ;

2083 2925 2183 2980 Per
2212 2924 2450 2996 seipsum
2480 2922 2701 2980 bonitas
2728 2942 2741 2992 ;
2776 2918 2884 2976 ἰδέα
2913 2923 3106 2981 mundi
3140 2942 3154 2992 ;

2079 3023 2182 3078 Ρθι·
2209 3021 2448 3095 seipsum
2479 3021 2732 3095 sapiens;
2779 3017 3008 3093 ἄναρχος
3053 3021 3081 3061 ¹ι
3110 3022 3258 3079 idem
3288 3041 3300 3080 :

2080 3112 2200 3168 Non
2221 3118 2301 3168 est
2328 3130 2340 3179 ;
2372 3127 2498 3167 nam
2524 3119 2789 3183 superest,
2825 3117 2878 3166 et
2906 3126 3021 3166 esse
3050 3119 3303 3183 praestat;

2081 3201 2195 3258 Hoc
2225 3217 2335 3256 non
2364 3209 2464 3268 est,
2489 3215 2588 3256 nec
2619 3199 2674 3255 id
2697 3197 2785 3271 [ϐ.
2817 3199 2986 3270 Lugd.
3019 3198 3149 3274 hoc]
3183 3207 3289 3268 est;
3319 3200 3412 3257 sed
3442 3217 3532 3258 ex-

3091 3289 3223 3362 [stat
3247 3305 3411 3347 omne
3432 3308 3446 3357 ;

2076 3382 2199 3440 Non
2227 3381 2339 3448 hic,
2371 3395 2483 3436 non
2512 3377 2624 3446 ibi;
2666 3377 2760 3434 sed
2789 3393 2886 3450 per
2909 3395 3074 3437 omne
3096 3385 3263 3436 totus.

2077 3474 2267 3550 Μικρός
2291 3495 2382 3530 και
2413 3473 2628 3550 μέγαλος
2649 3473 2865 3547 μέσοστι
2891 3471 3016 3536 ϐιός
3042 3466 3058 3504 ¹
3098 3485 3113 3527 ε

2077 3573 2290 3643 Μικοὸς,
2325 3575 2458 3633 dum
2490 3573 2742 3631 minimis
2779 3590 2939 3647 opem
2981 3573 3299 3631 ministrat:

2073 3675 2262 3745 Μέσος,
2290 3675 2486 3733 intima
2515 3674 2648 3730 dum
2677 3674 2946 3746 gubernat
2975 3691 3128 3748 aeque
3161 3692 3173 3732 :

2071 3779 2134 3835 In
2163 3775 2376 3850 magnis
2403 3770 2625 3847 μιγαλος
2648 3772 2914 3846 probatur
2943 3772 3113 3842 idem,

2069 3869 2159 3928 Sic
2197 3867 2400 3944 parvis,
2434 3864 2651 3934 mediis,
2683 3865 2942 3939 adestque
2973 3865 3208 3938 magnis,

2069 3960 2190 4030 Ipse
2217 3957 2562 4024 individuus,
2594 3969 2928 4028 manensque
2959 3960 3128 4010 totus.

2077 4040 2167 4109 Ὠν
2195 4051 2358 4132 ἀρχὴ,
2388 4055 2559 4127 μέσον,
2588 4050 2655 4107 ὢν
2695 4053 2931 4108 τέλουστι
2960 4053 3162 4107 πάντων
3184 4059 3248 4106 π’.

2070 4149 2157 4203 Ex
2187 4146 2305 4217 ipso
2344 4145 2624 4217 quoniam,
2657 4160 2753 4214 per
2791 4145 2972 4214 ipsum
3003 4152 3167 4218 atque

2000 4252 2019 4288 ι
2055 4248 2220 4318 Quasi
2253 4244 2426 4307 θεότης
2453 4246 2600 4301 dicta
2621 4245 2692 4300 sit
2721 4259 2752 4298 a
2779 4243 3012 4314 Θεάομαι,
3047 4253 3238 4315 specto,
3272 4249 3438 4304 video.

1999 4340 2025 4376 ε
2062 4330 2111 4386 Α
2139 4327 2309 4384 verbo
2347 4323 2466 4394 θέω,
2505 4341 2683 4381 curro.

1998 4401 2018 4430 δ
2060 4404 2242 4459 Extra
2270 4392 2566 4456 secundam
2609 4395 2773 4452 habet
2801 4396 3040 4466 longam.
3075 4392 3355 4466 Vitiosum
3397 4410 3524 4466 ergo

1928 4473 2020 4531 llic
2048 4481 2306 4530 metrum.
2334 4469 2440 4528 Sed
2469 4484 2581 4525 non
2601 4467 2736 4522 adeo
2761 4467 2820 4522 in
2849 4465 3001 4522 hisce
3020 4465 3380 4536 scrupulosus
3413 4465 3522 4536 fuit

1926 4554 2117 4602 auctor
2145 4553 2366 4610 noster";
2406 4550 2469 4597 ut
2501 4539 2779 4610 exemplis,
2803 4537 2955 4610 infra
2983 4535 3260 4591 sexcentis
3289 4535 3520 4610 patebit.

1926 4617 2057 4684 Quae
2090 4613 2319 4688 proinde
2339 4605 2406 4670 ne
2426 4605 2912 4688 notanda'quidem
2935 4614 3211 4688 putamus,
3227 4605 3437 4688 nedum
3453 4622 3524 4662 ex

1926 4676 2258 4758 ihterpolato
2276 4701 2407 4758 _ms._
2436 4676 2776 4758 Belfortiano
2822 4676 3108 4758 pueriliter
3135 4676 3518 4758 emendanda;

1925 4775 2051 4814 cum
2075 4749 2253 4815 codex
2275 4752 2561 4811 Lobiensis
2587 4749 3105 4824 Lugdunensisque_
3115 4749 3518 4824 consenserint.

1926 4829 2016 4888 Sic
2040 4836 2224 4885 autem
2253 4826 2403 4883 hunc
2427 4841 2648 4881 versum
2680 4821 2917 4896 corrigit
2937 4821 3040 4879 ms.
3074 4821 3476 4878 Belfortianum
3505 4837 3517 4876 :

2174 4941 2248 4993 Ut
2271 4955 2327 4990 se
2357 4953 2620 5004 nunquam
2651 4937 2752 4988 alio
2781 4939 2975 4988 feratur
3006 4943 3172 4986 extra.

2000 5061 2012 5099 ί
2044 5052 2110 5110 ὢν
2131 5054 2498 5113 masculinum
2524 5069 2624 5127 pro
2652 5049 2707 5104 ὃν
2748 5056 2966 5117 neutro,
2989 5047 3135 5120 quod
3157 5045 3351 5102 Latine
3373 5061 3523 5101 nunc

1932 5150 2021 5188 ens
2050 5128 2307 5186 dicimus.
3406 5179 3410 5182 .

2000 5211 2014 5257 1
2047 5206 2234 5271 Τόπος,
2271 5206 2415 5262 locus
2433 5225 2452 5273 ;
2479 5204 2656 5260 omnia
2674 5202 2866 5274 quippe
2884 5199 3028 5255 intra
3046 5198 3219 5270 ipsum
3239 5200 3380 5252 sunt.
3400 5193 3522 5251 No-

1933 5291 2000 5338 tae
2031 5295 2160 5360 muss.
2193 5275 2315 5336 cod.
2338 5277 2592 5360 Lugdun_.

2004 5360 2032 5398 ι
2074 5354 2614 5428 λναρχος,φνὶηοὶρὶο
2642 5368 2845 5408 carens.
2972 5419 3008 5428 __
3221 5416 3261 5428 _
3362 5414 3366 5420 .
3462 5414 3517 5428 ..

2002 5430 2016 5470 ι
2046 5429 2107 5487 Id
2134 5415 2498 5497 estTPai'vus,
2528 5415 2576 5481 ἐι
2599 5439 2840 5495 magnus,
2871 5419 3172 5490 mediusque
3211 5415 3390 5488 Deus;
3421 5415 3520 5472 ubi

1927 5508 2143 5586 μέγαέος
2177 5526 2276 5582 Pro
2299 5507 2520 5586 -εεέγαςκ
2595 5576 2604 5586 .
2652 5575 2662 5586 .
2921 5571 2958 5586 ..
3127 5575 3139 5586 .
3197 5572 3220 5586 .
3271 5567 3282 5579 α

2001 5572 2040 5619 ῖω
2070 5581 2131 5638 Id
2162 5572 2262 5650 est,
2292 5572 2403 5638 Eas
2426 5575 2772 5653 princip-ium,
2822 5572 3048 5630 medium
3092 5575 3141 5627 et
3185 5572 3308 5645 ﬁnis
3340 5582 3522 5624 rerum

1927 5671 2179 5712 omnium.
