4056 6190
249 246 386 310 1141

316 403 477 474 Quod
501 420 715 479 semper
747 407 947 466 studiis
976 410 1159 484 sigilla
1185 412 1344 470 castis

389 502 678 576 Tantisper
710 505 916 579 refugis
945 519 967 546 ι
992 526 1003 565 :
1037 509 1166 567 licet
1195 511 1369 582 illam,

313 594 448 664 Quae
477 597 670 666 fertur,
702 600 926 656 Danaen
957 600 1132 659 ahena
1162 604 1331 661 turris

382 687 658 759 Auripluo
687 688 786 744 vix
816 692 957 748 texit
985 691 1054 748 ab
1083 692 1270 750 imbri.

311 775 459 844 Quid
489 785 599 832 tam
635 779 986 839 turmivomae
1010 782 1211 854 juvant
1240 784 1433 856 plateae
1455 788 1483 844 ?

383 866 528 934 Quid
557 866 740 925 reﬂuae
769 869 1052 928 dicacibus
1081 873 1245 930 urbes
1268 874 1297 930 Ῡ

307 956 484 1024 Quem
513 958 749 1015 necdum
779 960 961 1033 tetigit
992 962 1186 1020 littura
1210 985 1239 1034 ;,
1260 967 1516 1038 necdum,

379 1046 646 1104 Sordibus
674 1049 935 1121 explosis,
968 1053 1120 1108 color
1151 1055 1326 1112 auxit.

307 1134 365 1192 Si
395 1152 506 1192 non
533 1137 806 1210 insipidus
834 1140 1046 1198 deerrat
1071 1158 1280 1215 augur:

377 1227 422 1283 Ο
452 1228 690 1284 nimium
720 1246 940 1302 passure
968 1233 1196 1304 pudoris
1221 1235 1234 1290 l

307 1315 572 1388 Vulgant,
603 1318 899 1377 Bucolicon
930 1321 1114 1378 labore
1144 1323 1310 1379 trimo

377 1405 596 1464 Cultius
624 1409 957 1481 explicuisse
985 1412 1288 1482 Maronem,

303 1495 554 1567 Septenis
583 1497 776 1554 itidem
807 1500 1055 1572 polibant
1083 1504 1245 1558 anuis

376 1585 750 1654 Quadriﬁdam
791 1590 990 1646 sudore
1017 1590 1284 1665 Georgen.

303 1676 452 1732 Exin
483 1677 723 1735 JEnedas
751 1681 809 1736 in
837 1697 990 1737 arma
1017 1682 1281 1754 pulchros

372 1766 620 1824 Endecas
650 1771 718 1826 ad
748 1771 1048 1846 limamque
1076 1774 1305 1847 redegit.

301 1856 411 1913 Nec
439 1857 607 1915 libras
636 1861 844 1930 animo,
877 1862 1010 1934 quid
1041 1863 1171 1930 ille;
1206 1861 1340 1936 quid
1370 1880 1505 1930 nos;

367 1944 511 2012 Quid
540 1948 721 2018 potuit
749 1966 870 2020 spes
901 1952 1070 2006 altera
1101 1953 1286 2007 Romae
1317 1970 1330 2018 ;

300 2033 446 2102 Quid
477 2036 650 2108 possit
677 2037 944 2093 minimus
972 2040 1251 2094 minorum
1283 2041 1480 2112 impar,

369 2126 482 2182 Nec
511 2126 774 2183 minimos
801 2135 989 2184 tamen
1018 2129 1163 2186 inter
1193 2129 1497 2186 habendus.

295 2213 391 2282 Et,
426 2214 484 2269 ni
518 2217 786 2288 proripias
812 2216 870 2272 in
900 2234 994 2274 ora
1022 2218 1198 2291 vulgi,

367 2305 688 2377 Impatiens,
723 2306 1040 2379 clavemque
1070 2324 1287 2365 recusas
1308 2309 1336 2364 ?

298 2393 383 2451 15.
426 2395 675 2451 Invitum
704 2396 962 2468 quatiunt
993 2414 1184 2455 severa
1212 2407 1392 2457 vatem

368 2483 588 2550 Omina,
619 2484 953 2559 terriﬁcique
983 2504 1243 2545 sonores:

296 2571 490 2629 Virtus
519 2574 767 2645 gnostica
795 2592 895 2632 nec
922 2576 1057 2632 sinit
1083 2579 1358 2635 volentem

365 2663 704 2736 Importunis
732 2683 952 2738 parcere
982 2667 1166 2724 verbis
1195 2687 1207 2726 :

296 2750 423 2808 Haec
448 2753 639 2810 nolens
663 2755 862 2827 capies,
895 2758 1087 2814 volens
1117 2759 1356 2832 itemque
1381 2778 1394 2816 :

365 2849 462 2906 His
491 2867 590 2908 nos
622 2854 704 2912 αν’
725 2860 989 2934 τελε-γοντα
1016 2854 1040 2890 δ
1071 2855 1339 2913 subimus.

290 2943 354 3000 In
382 2946 579 3020 vulgus
607 2951 815 3020 venies,
850 2952 1068 3008 favente
1102 2960 1253 3008 voto.

361 3035 486 3106 Pro,
523 3047 729 3112 quanto
754 3041 1032 3112 jactabere
1060 3042 1236 3097 ﬂuctu
1261 3043 1272 3098 l

291 3124 394 3184 Hic
421 3127 627 3185 fcedum
657 3139 815 3202 spuet
840 3149 852 3187 :
889 3131 1002 3200 hic,
1034 3141 1222 3189 coacta
1251 3147 1400 3201 nare,

360 3215 616 3275 Succiuet
645 3219 1044 3295 infandumque
1074 3222 1474 3295 inimicumque
1507 3239 1519 3278 :

206 3312 723 3396 sigilla__rumpere,
773 3339 893 3396 quae
923 3322 1453 3396 castishstudiistam
1500 3322 1804 3396 necessaria

206 3394 365 3466 sunt.
386 3388 522 3472 Nam
543 3388 811 3472 siDanae',
850 3395 1046 3450 Acrisii
1074 3395 1208 3472 ﬁlia,
1241 3393 1308 3472 ab
1332 3391 1649 3472 impudente
1669 3394 1803 3472 .[ove

207 3472 284 3535 ne
311 3457 368 3513 in
395 3462 569 3535 ahena
598 3457 820 3535 quidem
855 3474 1004 3519 turre
1036 3464 1167 3535 satis
1194 3457 1314 3535 tuta
1342 3457 1448 3517 fuit
1466 3482 1487 3535 7;
1511 3463 1646 3535 quid
1665 3464 1730 3520 de
1751 3472 1804 3520 te

204 3527 328 3596 fiet,
359 3533 453 3601 qui
486 3551 587 3589 nec
609 3527 829 3589 occludi
861 3536 965 3601 vis,
998 3549 1098 3589 nec
1122 3527 1486 3590 delitescere?

283 3626 308 3652 ι
348 3603 477 3674 Sup.
511 3620 788 3673 rumpere.

282 3690 307 3726 ιι
346 3673 405 3728 Id
422 3673 535 3742 est,
574 3675 1026 3732 contradicentem.

282 3750 304 3777 °
341 3745 402 3800 Id
432 3753 532 3811 est,
565 3746 696 3800 vitia
727 3749 997 3803 carminis.
1027 3746 1154 3804 Not.
1191 3763 1323 3803 mss.

282 3815 308 3850 ά
345 3815 408 3872 Id
439 3826 540 3885 est,
574 3819 928 3888 unguentarii.

278 3900 298 3925 ⁸
339 3890 580 3960 Ignavis,
614 3887 671 3945 id
707 3897 786 3946 est
818 3890 1096 3959 inanibus,
1129 3907 1251 3963 quae
1280 3891 1410 3965 quia
1438 3890 1581 3947 nihil
1613 3891 1802 3947 conti-

1297 253 1388 315 nu
1434 232 1618 314 VITA
1661 258 1717 322 s.
1761 261 2104 326 GERMANI.
2144 298 2215 314 —
2256 269 2390 329 LIB.
2442 274 2486 330 1.

3416 289 3554 351 1142

1868 425 1919 482 Α
1948 425 2051 482 Hic
2078 426 2330 497 plausum
2356 430 2610 489 manibus
2636 432 2792 491 dabit
2813 436 3098 509 profanis;

2019 514 2120 572 Hic
2148 521 2232 572 ter
2258 521 2529 578 succutiet
2557 522 2693 595 pede
2720 531 2924 584 terram
2959 545 2972 584 :

1947 603 2217 663 Verrucas
2239 620 2260 645 ε
2287 609 2428 666 alius
2457 614 2835 686 scaturientes,

2014 695 2135 751 Etsi
2166 697 2318 753 nulla
2345 708 2529 756 tamen
2559 713 2705 773 patet
2733 723 2986 782 usquam,

1943 784 2223 857 Disquiret
2252 787 2447 859 digito,
2481 790 2696 847 notabit
2722 811 2837 863 ore,

2013 876 2230 946 Integra
2249 878 2449 950 quippe
2473 879 2746 939 invertere
2776 883 2992 944 doctus.

1941 965 2012 1021 Et
2032 982 2139 1037 quo
2163 967 2430 1037 perditior
2457 969 2581 1042 quis
2605 988 2668 1028 ac
2688 973 2971 1046 profanus,

2009 1057 2206 1112 Acrius
2225 1057 2331 1114 hoc
2351 1059 2578 1114 tolletur
2612 1061 2671 1116 in
2696 1063 2822 1119 iras.

1940 1145 2179 1203 Tandem
2210 1147 2453 1203 ludibrio
2475 1151 2730 1208 subactus
2759 1154 2934 1222 omni,

2007 1235 2306 1316 Μυροκότου
2336 1237 2362 1272 α
2383 1239 2602 1295 trudere
2624 1240 2874 1310 taberna,

1938 1335 2049 1390 Aut
2069 1336 2227 1392 nardi
2247 1337 2526 1394 modicum
2561 1339 2721 1408 feres,
2753 1340 2998 1413 piperve,

2007 1423 2078 1478 Et
2100 1425 2145 1480 si
2167 1426 2300 1498 quid
2323 1426 2529 1483 chartis
2547 1428 2810 1486 amicitur

1937 1513 2154 1584 Ignavis
2175 1525 2218 1569 ⁸.
2260 1515 2519 1584 Monitor,
2556 1520 2806 1590 repulsus
2835 1520 2994 1589 olim,

2006 1604 2331 1673 Abstiterit;
2354 1623 2454 1663 nec
2479 1625 2609 1664 cura
2630 1610 2836 1667 mederi
2868 1611 2908 1668 τ.

1939 1691 2022 1748 16.
2051 1693 2168 1748 Neu
2196 1700 2250 1750 te
2278 1696 2510 1753 consilio
2540 1713 2767 1770 querare
2805 1708 2995 1758 nostro

2006 1780 2362 1852 Fraudatum,
2390 1785 2449 1840 id
2487 1797 2513 1833 ε
2541 1795 2722 1844 tecum
2755 1791 2869 1863 ipse
2897 1793 3098 1849 referto
3126 1810 3139 1851 :

1853 1834 1899 1893 Β
1932 1869 2049 1936 Qua
2077 1872 2316 1928 frontem
2342 1834 2540 1932 iitulus
2567 1834 2979 1951 prmordinabit,

2002 1961 2173 2016 Nemo
2196 1965 2353 2042 ὄνομα
2385 1965 2407 1993 ⁸⁵
2426 1967 2725 2037 praeﬁxerit
2749 1977 2941 2026 auctor
2965 1989 2977 2028 :

1933 2054 2236 2114 Germanus
2267 2059 2456 2115 subeat
2485 2062 2684 2133 prioris
2713 2081 2892 2121 arcem

2000 2146 2250 2216 Auspicii
2274 2165 2288 2214 ;
2317 2147 2408 2204 hic
2429 2149 2732 2221 primordia
2762 2152 2962 2225 signet.

1931 2232 2046 2289 Hoc
2065 2234 2248 2289 forsan
2280 2238 2485 2308 poteris
2525 2239 2735 2295 inerme
2756 2243 2955 2314 vulgus

2000 2323 2283 2391 Temnere,
2314 2341 2409 2381 seu
2439 2325 2762 2382 discrimina
2798 2329 2973 2386 mille.

1929 2411 2088 2467 Tanti
2129 2413 2374 2468 nominis
2407 2413 2620 2470 obicem
2660 2423 2929 2487 protervas

1998 2500 2111 2558 Vix
2138 2503 2321 2559 ausint
2349 2504 2616 2575 sprevisse
2639 2504 2953 2578 phalanges.

1927 2590 2172 2647 Mitescet
2208 2591 2382 2648 rabies
2417 2611 2427 2648 :
2460 2593 2744 2666 sputisque
2771 2601 3017 2666 parcent,

1996 2681 2067 2736 Et
2092 2680 2289 2752 cynico
2310 2680 2324 2718 ί
2351 2681 2730 2739 incrudescere
2764 2682 2949 2740 dente.

1925 2771 1947 2826 Ι
1974 2787 2140 2839 nunc,
2178 2771 2463 2827 Maeoniisi
2494 2771 2682 2829 adacte
2712 2772 2931 2845 pennis,

1993 2863 2015 2917 Ι
2052 2862 2269 2931 dextro,
2303 2861 2462 2932 liber,
2503 2862 2636 2918 alite
2664 2863 2823 2919 felix.

1920 2949 2030 3005 Nec
2059 2956 2112 3004 te
2134 2965 2245 3005 non
2277 2950 2572 3018 monitum,
2606 2965 2708 3007 nec
2747 2950 3030 3007 insuasum

1991 3041 2140 3096 Olim
2171 3040 2483 3098 discessisse
2505 3041 2768 3113 graveris.

1919 3130 2076 3198 Quod
2107 3140 2292 3199 restat,
2329 3132 2512 3188 dubiis
2544 3133 2762 3188 remitte
2783 3132 2929 3188 fatis.

1992 3221 2172 3293 Teque
2200 3221 2410 3275 utinam
2443 3220 2671 3274 meliora
2698 3221 3026 3293 sequantur!

1914 3327 2047 3375 nent
2075 3319 2219 3375 lectu
2239 3317 2488 3390 dignum,
2520 3318 2756 3374 sordidis
2788 3319 2982 3375 usibus
3011 3316 3361 3390 adhibentur.

1986 3390 2004 3425 ¹
2032 3393 2092 3447 Id
2140 3397 2241 3458 est,
2264 3389 2411 3461 quod
2437 3390 2482 3444 si
2528 3405 2768 3462 unquam
2807 3406 2872 3445 eo
2911 3390 3162 3446 redactus
3203 3389 3394 3462 fueris,
3426 3389 3508 3445 Ii-

1912 3461 2075 3529 belle,
2108 3471 2222 3517 tum
2248 3460 2376 3516 vero
2403 3469 2454 3516 te
2492 3460 2738 3532 ego,_qui
2765 3477 2914 3532 nunc
2932 3477 3161 3532 moneo,
3192 3460 3426 3516 fortuna:
3453 3469 3506 3517 te

1913 3541 2020 3589 tua:
2051 3533 2368 3606 permittam
2393 3549 2460 3606 ac
2485 3531 2705 3604 prorsus
2734 3531 3020 3589 abdicabo.

1985 3613 2011 3676 β
2035 3604 2240 3676 Nempe
2269 3604 2583 3660 consilium.

1982 3675 2004 3704 "
2033 3676 2094 3732 Id
2125 3675 2224 3744 est,
2246 3682 2506 3732 nostr-um.

1982 3747 1996 3786 ί
2027 3748 2087 3803 Id
2117 3755 2217 3816 est,
2259 3747 2446 3803 canino
2468 3763 2561 3802 seu
2583 3747 2781 3804 invido.

1981 3818 1995 3864 ³
2027 3819 2087 3875 Id
2117 3826 2218 3889 est,
2241 3819 2550 3877 Homericis.

1527 4095 1791 4167 LIBER
1859 4095 2194 4168 PRIMUS

739 4223 889 4290 Vita:
929 4221 1156 4304 magni
1193 4221 1413 4288 Patris
1451 4220 1767 4298 GERMANI,
1816 4224 1890 4284 de
1927 4235 2129 4298 prosa
2172 4218 2241 4282 in
2280 4233 2561 4288 metrum
2604 4219 2986 4299 transfusa.

1645 4340 2062 4354 ——_

697 4412 924 4471 CAPUT
988 4413 1280 4470 PRIMUM.

208 4504 389 4560 Sancti
415 4503 616 4576 patria,
656 4503 929 4582 nobilitas,
959 4503 1160 4582 studia,
1193 4500 1512 4582 conjugium,
1557 4502 1798 4571 honores,

524 4592 677 4631 amor
714 4575 1025 4643 venationis,
1066 4582 1113 4629 et
1146 4575 1470 4644 superstitio.

281 4674 366 4730 17.
410 4673 620 4731 Celtica
647 4690 755 4748 qua
784 4673 993 4730 Medios
1021 4673 1276 4744 exporgit
1306 4671 1484 4729 Gallia
1513 4679 1744 4741 tractus,

204 4766 432 4839 Quaque
460 4774 541 4822 est
564 4767 652 4821 vel
685 4765 862 4835 terris,
888 4765 977 4821 vel
1008 4764 1197 4820 mitior
1226 4763 1324 4819 illa
1352 4762 1583 4831 colonis,

207 4853 406 4910 Urbem
435 4853 582 4910 haud
613 4855 946 4912 incelebrem
979 4853 1119 4910 Galli
1150 4870 1378 4926 posuere
1412 4853 1642 4925 priores,

203 4942 476 4999 Uberibus
502 4943 674 5016 glebis
703 4954 756 5001 et
785 4944 956 5016 opimi
987 4959 1212 5000 munere
1241 4943 1443 5001 Bacchi
1471 4951 1509 5012 ',

206 5036 284 5089 Ac
315 5033 664 5105 praelabentis
686 5031 950 5106 jucundis
979 5033 1173 5089 usibus
1197 5033 1374 5088 amnis
1398 5032 1437 5100 ",

273 5139 297 5203 '_
328 5132 407 5203 De
435 5132 614 5188 vineis
642 5130 1238 5203 Antissiodorensibus,
1262 5132 1395 5186 olim
1428 5131 1538 5203 vini
1556 5134 1792 5203 superla-

205 5201 299 5256 tivi
326 5202 544 5274 bajulis,
574 5204 701 5261 vide
730 5206 804 5262 Le
823 5203 968 5275 Beu/
982 5204 1040 5258 in
1069 5202 1295 5274 Prwfat.
1324 5202 1480 5273 Capti
1506 5201 1796 5275 receptique

202 5275 584 5350 Autissiodori,
617 5294 738 5350 pag.
769 5277 838 5334 29
868 5284 922 5332 et
948 5291 1060 5350 seq.

272 5345 293 5374 "
333 5348 544 5430 {cautim
568 5345 798 5430 scilicet,
821 5350 998 5430 _vulgo
1023 5345 1225 5430 Yonne.
1256 5420 1269 5430 Δ
1333 5417 1366 5430 Δ,
1434 5417 1446 5429 .
1503 5415 1518 5430 ἰ
1730 5416 1767 5430 υ

272 5428 290 5448 ⁶
329 5421 643 5499 Autricusa
660 5415 876 5499 priscis,
907 5415 1011 5478 etc.
1061 5444 1079 5467 ι
1102 5419 1208 5486 Qui
1237 5415 1686 5499 Autissiodurum
1714 5416 1793 5473 di-

203 5497 354 5569 ctum
389 5490 542 5562 prius
570 5489 864 5569 nutricum
893 5498 1076 5569 put_a_t,_
1092 5507 1244 5569 suam
1273 5489 1795 5569 geographiae‘igno-

205 5506 354 5546 ctum
389 5507 542 5562 prius
570 5506 864 5549 Autricum
893 5506 1068 5562 putat,
1092 5507 1244 5571 suam
1273 5506 1621 5615 .geohgranpniae
1644 5506 1795 5614 igno-

205 5561 439 5643 rantiarn
467 5563 676 5643 prodit,
704 5589 738 5643 γ’
767 5563 949 5643 inquit
979 5562 1230 5618 Valesius
1268 5577 1328 5616 IIl
1357 5591 1376 5616 ι
1407 5567 1565 5616 otitia
1595 5559 1674 5616 Ga
1699 5560 1796 5614 lia-

204 5648 350 5703 rum,
385 5631 488 5688 ubi
512 5635 579 5691 de
606 5631 1018 5692 Autissioduro.

1825 4416 1872 4473 D
1906 4408 2221 4478 Magnarum
2255 4405 2445 4461 multis
2467 4421 2587 4477 quae
2625 4419 2679 4460 se
2709 4419 3037 4478 componere
3057 4406 3268 4478 possit;

1911 4496 2170 4553 Autricus
2194 4510 2225 4549 a
2252 4493 2446 4566 priscis
2472 4491 2605 4548 olim
2636 4492 2877 4548 vocitata
2914 4493 3150 4551 refertur
3165 4503 3206 4553 °.

1911 4587 2064 4650 x’Etas
2091 4583 2360 4658 posterior
2389 4583 2583 4653 pinnas
2613 4590 2666 4638 et
2685 4582 2931 4639 culmina
2950 4583 3122 4640 avitis

1908 4679 2180 4737 Moenibus
2212 4675 2495 4748 imposuit,
2518 4675 2644 4731 duri
2676 4674 2988 4731 munimina
3021 4674 3176 4745 belli,

1908 4769 1994 4823 Ex
2021 4765 2385 4839 augmentatis
2414 4779 2573 4820 verso
2598 4763 2925 4836 cognomine
2955 4764 3128 4822 muris

1908 4857 2034 4913 Sive
2062 4872 2269 4930 sequax
2302 4871 2435 4910 usus
2464 4853 2634 4924 dicas,
2657 4853 3130 4925 Autissiodorum,

1908 4945 2013 5001 Seu
2040 4945 2296 5002 mutilare
2320 4943 2481 5012 velis,
2513 4951 2567 4999 et
2593 4943 2803 5000 dixeris
2829 4943 3184 5001 Altiodorum
3207 4945 3254 5014 ⁸,

1903 5036 2135 5092 Nomine
2164 5035 2382 5091 diverso
2407 5049 2491 5089 res
2521 5039 2602 5088 est
2621 5032 2959 5089 cumulatior
2992 5048 3099 5088 una

1976 5133 2002 5167 ⁸
2038 5134 2116 5188 De
2148 5129 2727 5208 diversissimahujus
2774 5130 3022 5208 nominis
3066 5128 3212 5208 apud
3243 5131 3496 5208 auctores

1905 5203 2319 5278 immutatione,
2362 5203 2490 5278 vide
2537 5197 2742 5278 ibidem
2783 5201 3088 5278 valesium,
3105 5197 3216 5254 ubi
3263 5207 3316 5278 et
3363 5197 3505 5278 lianc

1907 5269 2505 5346 l-IericiietymOIogiam
2538 5271 2792 5343 rejectam
2825 5271 3074 5346 invenies
3123 5288 3135 5325 :
3183 5269 3311 5346 quia
3350 5269 3500 5346 _D_or,

1903 5347 2044 5422 Dur,
2077 5339 2243 5412 Deur,
2273 5339 2549 5422 aut'mDour
2573 5339 2685 5422 non
2702 5344 2920 5422 mmnia
2940 5343 3026 5398 vel
3061 5339 3246 5422 muros
3273 5339 3500 5422 Celtice,

1905 5415 1999 5472 sed
2025 5414 2662 5538 aquamsigniﬁcaverit.
2701 5415 2780 5471 De
2815 5429 2924 5487 qua
2949 5429 3005 5484 re
3036 5428 3134 5482 nos
3161 5411 3328 5468 etiam
3367 5411 3502 5470 alibi

1907 5503 2015 5538 non
2049 5501 2196 5538 seme
2226 5526 2237 5538 .

1907 5503 2015 5543 non
2049 5501 2237 5542 semel.
