4078 6182
484 257 622 323 1143

484 398 612 454 Haec
639 391 892 468 genitalis
917 392 1140 457 humus,
1178 388 1297 445 haec
1323 384 1501 443 Patris
1527 381 1704 455 patria
1739 378 1954 447 nostri;

488 485 721 546 Finibus
744 484 833 540 his
861 489 1034 549 ortus,
1067 478 1273 536 natalia
1301 491 1431 531 rura
1461 472 1668 529 beavit.

560 574 646 632 18.
672 571 830 629 Haud
864 569 1056 628 multis
1085 583 1221 640 opus
1250 573 1333 622 est
1360 563 1422 619 in
1449 562 1649 618 Sancto
1665 555 1977 617 nobilitatis

491 665 745 737 Cognatas
772 674 1077 718 memorare
1102 656 1290 724 decus,
1328 670 1448 729 quae
1475 652 1604 709 dote
1634 648 1862 723 gemella

492 755 918 832 Splendidaque,
969 759 1022 807 et
1064 749 1327 820 locuples,
1375 743 1679 818 opibusque
1734 749 1796 832 et
1824 737 2084 832 germine

1787 828 1969 903 [fulsit
1998 846 2009 884 :

494 937 770 995 Indicium
801 936 1180 1004 documenque
1208 927 1289 985 rei
1316 939 1607 983 numerosa
1639 927 1916 978 retentant

495 1025 725 1102 Praedia,
760 1021 1039 1080 succiduis
1065 1018 1199 1075 olim
1231 1016 1520 1073 notissima
1555 1011 1764 1069 chartis
1790 1022 1836 1067 ι.

570 1117 656 1174 19.
696 1115 899 1173 Ᾱέῐδῐὶε
934 1113 1101 1169 breve
1132 1127 1226 1167 ver
1254 1116 1308 1165 et
1336 1105 1502 1180 primi
1538 1104 1710 1176 gratia
1733 1101 1887 1158 ﬂoris

497 1203 727 1261 Artibus
757 1201 1052 1258 immaduit
1083 1196 1234 1253 facili
1267 1192 1557 1252 conanime
1588 1197 1795 1262 septem
1817 1186 1860 1244 ⁵.

500 1298 745 1351 Auxerat
769 1291 998 1348 infantis
1035 1287 1292 1361 largitrix
1317 1284 1491 1358 gratia
1518 1288 1707 1355 pectus

501 1383 822 1440 Muneribus
850 1379 1084 1453 geminis
1105 1387 1126 1414 ο
1159 1395 1170 1433 :
1204 1374 1459 1450 quodque
1486 1371 1684 1428 assolet
1728 1382 1843 1424 esse
1881 1366 2094 1423 duobus

504 1474 732 1529 Gratum
753 1479 807 1528 et
841 1469 1138 1537 sufﬁciens,
1176 1466 1283 1522 hoc
1319 1460 1808 1537 praecumulaverat
1832 1455 1961 1511 uni:

505 1562 750 1636 Namque
779 1569 840 1618 ut
869 1558 1110 1634 septenis
1137 1555 1404 1630 sapientia
1433 1553 1567 1608 nixa
1596 1548 1873 1607 columnis

506 1652 801 1724 Aptiﬁcare
841 1651 1069 1707 domum
1108 1647 1311 1703 dilecto
1346 1644 1404 1700 in
1440 1651 1656 1716 pectore
1685 1644 1886 1711 posset,

509 1743 799 1815 Ingenium
829 1741 999 1796 vivax
1026 1752 1292 1796 conamen
1319 1733 1469 1806 juvit
1504 1732 1573 1787 ad
1604 1745 1767 1786 omne
1796 1747 1807 1785 :

506 1840 676 1909 Inque
704 1833 854 1889 vices
877 1829 1064 1885 animo
1094 1824 1408 1899 genitaliter
1437 1819 1743 1893 expatianti
1769 1819 1795 1854 ἀ

508 1905 782 1980 Sedulitas
809 1915 1101 1991 praetendit
1129 1930 1288 1986 Opem
1317 1912 1563 1967 studiosa
1594 1905 1858 1979 magistri.

515 2014 749 2083 Utraque
779 2025 885 2074 res,
910 2004 1227 2060 moderante
1256 2004 1389 2068 Deo,
1423 1998 1606 2054 felicia
1636 2004 1819 2067 creptu

511 2103 776 2172 Tempora
815 2095 1094 2167 gliscentis
1118 2092 1232 2163 jam
1256 2099 1397 2146 tunc
1434 2087 1689 2160 provexit
1727 2083 1962 2157 Ephebi,

514 2189 756 2249 Plurima
780 2202 876 2259 per
904 2183 1116 2240 steriles
1135 2187 1467 2253 sparguntur
1488 2177 1700 2233 semina
1725 2176 1906 2231 sulcos

514 2285 793 2339 I’roventu
837 2275 1075 2343 modico,
1109 2274 1219 2341 vel,
1251 2279 1313 2327 ut
1340 2271 1599 2336 multum,
1624 2266 1889 2324 mediocri
1915 2285 1929 2334 ;

514 2375 587 2431 At
625 2388 744 2445 quae
768 2366 1051 2426 fmcundas
1071 2364 1266 2419 ineunt
1292 2361 1572 2418 frumenta
1600 2358 1846 2425 novales,

516 2465 621 2535 Spe
652 2468 871 2516 manant
896 2454 1129 2528 duplici,
1151 2468 1278 2510 cum
1308 2449 1644 2523 glebae,cum
1674 2446 1938 2513 sationis;

516 2553 790 2623 l’lenaque
812 2545 1108 2618 conspicuo
1131 2541 1425 2615 respondet
1455 2540 1611 2613 copia
1633 2553 1826 2595 cornu.

588 2640 678 2698 20.
719 2638 964 2709 Cumque
1010 2636 1153 2691 foret
1178 2632 1492 2698 vehemens,
1514 2628 1795 2701 animique
1823 2623 1891 2681 ad
1918 2631 2116 2682 cuncta

1790 2715 2042 2788 [rapacis,

520 2818 611 2876 Nil
643 2816 997 2880 intentatum,
1031 2813 1111 2869 nil
1146 2812 1384 2884 denique
1416 2810 1576 2868 licuit
1606 2808 1948 2875 inhaustum,

524 2904 805 2977 Quidquid
834 2903 904 2957 ab
930 2902 1204 2972 indigenis
1225 2902 1404 2973 potuit
1433 2916 1652 2957 manare
1687 2899 1962 2971 magistris
1994 2916 2006 2955 :

526 2995 736 3053 Cuncta
762 2990 917 3048 brevi
948 3006 1074 3046 nam
1106 3005 1243 3062 pene
1271 3005 1425 3061 puer,
1459 2989 1704 3061 citraque
1723 2988 2012 3060 juventam

527 3082 727 3141 Omnia
754 3079 1113 3138 combiberat.
1142 3080 1300 3135 Furit
1323 3078 1553 3133 intimus
1574 3077 1788 3133 ossibus
1814 3075 1979 3133 ardor

531 3173 802 3232 Ulteriora
830 3171 1007 3244 sequi,
1038 3180 1091 3228 et
1114 3170 1337 3238 studiis,
1366 3170 1427 3225 ni
1455 3169 1611 3242 copia
1635 3168 1799 3238 desit,

531 3267 655 3323 Otia
682 3273 984 3333 conterere,
1015 3263 1213 3320 studiis
1244 3262 1560 3336 impendere
1589 3277 1726 3330 sese,

531 3358 713 3428 Inque
725 3354 866 3411 mori
896 3354 1113 3410 studiis.
1143 3354 1415 3426 Perparva
1443 3359 1497 3408 et
1522 3352 1657 3407 vilia
1686 3349 1849 3420 scitu,

533 3446 590 3503 Si
620 3462 725 3519 qua
753 3453 941 3517 patent
968 3459 1200 3517 usquam
1226 3462 1246 3511 ;
1272 3457 1398 3498 cara
1451 3450 1505 3497 et
1534 3440 1875 3514 prmgrandia
1918 3446 2141 3507 censet,

534 3535 590 3591 Si
620 3551 727 3608 qua
745 3534 937 3591 latent.
965 3533 1098 3588 Erat
1128 3531 1383 3600 ingenuis
1406 3539 1540 3586 tunc
1563 3529 1774 3586 artibus
1804 3545 1976 3601 usque

535 3623 727 3682 Certus
756 3623 954 3689 honor,
985 3620 1296 3692 studiisque
1326 3618 1559 3674 addebat
1585 3618 1760 3690 gloria
1786 3619 1981 3676 calcar.

537 3712 744 3768 Incitus
768 3710 856 3766 his
899 3708 1100 3765 animis
1120 3708 1327 3778 talique
1350 3706 1611 3778 cupidine
1637 3707 1876 3773 vinctus,

537 3799 657 3867 Quo
683 3805 845 3870 caput
868 3804 949 3853 est
978 3797 1149 3865 orbis,
1182 3812 1361 3851 rerum
1393 3796 1736 3867 permaxima
1764 3796 1955 3861 Roma,

539 3888 737 3945 Tendit
753 3888 876 3955 iter,
908 3884 1052 3941 Latii
1080 3884 1253 3939 nodos
1272 3883 1553 3938 addiscere
1569 3882 1732 3953 juris,

540 3977 611 4032 Et
634 3975 853 4042 didicit,
882 3974 1228 4045 palmamque
1256 3970 1411 4026 brevi
1439 3970 1572 4026 tulit
1602 3970 1696 4025 ille
1726 3968 1949 4026 laboris.

611 4064 701 4121 2i.
741 4062 891 4119 Scire
921 4067 1037 4116 erat
1062 4058 1210 4115 haud
1242 4075 1521 4131 magnum,
1571 4060 1618 4116 si
1671 4075 1783 4116 non
1822 4069 1876 4117 et
1915 4076 2069 4132 posse
2107 4061 2127 4087 '

1832 4147 2057 4205 subiret.

1832 4166 1893 4205 su

541 4241 613 4296 Et
648 4239 818 4295 stulto
843 4238 1060 4311 sapiens
1099 4236 1396 4294 minimum
1417 4238 1620 4294 referre
1650 4154 1894 4311 putatur,

612 4371 635 4398 ι
664 4362 741 4416 De
766 4355 988 4430 praediis
1018 4355 1362 4430 $._Germani
1400 4353 1881 4430 patrimonialibus
1921 4354 2136 4412 dicetur

541 4430 599 4486 in
615 4425 892 4486 Miraculis
917 4425 1242 4492 Hericianis,
1272 4425 1426 4481 num}
1458 4427 1542 4483 19.

610 4503 631 4530 ¹³
656 4506 816 4557 Artes
844 4498 1111 4564 liberales,
1144 4498 1361 4553 tametsi
1384 4497 1567 4569 plures
1588 4504 1734 4565 sunt,
1763 4497 2136 4569 communiter

542 4581 749 4653 septem
780 4579 1172 4653 numerantur:
1211 4568 1583 4653 grammatica,
1619 4569 1915 4653 rbetorica,
1954 4568 2138 4650 diale-

540 4639 962 4720 ctica,_music_a,
1003 4639 1371 4720 arithmetica,
1403 4640 1721 4720 geometria,
1751 4640 2062 4720 astrplogia.

620 4661 702 4712 ca,
732 4657 962 4708 mustea,
1003 4656 1371 4708 arunmeuca,
1403 4656 1721 4766 geometria,
1751 4656 2035 4711 asrrorogia

615 4724 635 4752 ο
661 4714 723 4770 Id
749 4721 851 4778 est,
891 4711 1096 4782 ingenio
1125 4716 1173 4764 et
1192 4710 1387 4765 studio.
1438 4711 1532 4766 'ot.
1557 4727 1687 4766 mss.
1709 4710 1831 4767 cod.
1863 4710 2035 4782 Lugd.

615 4785 642 4820 ⁸
666 4786 729 4840 Id
755 4791 856 4852 est,
886 4781 1212 4836 naturaliter
1231 4781 1590 4852 capacissima.
1609 4782 1734 4837 Not.
1756 4798 1884 4836 mss.
1910 4781 2047 4836 ibid.

616 4857 635 4881 '
678 4857 854 4918 Posse,
888 4853 1101 4923 supple,
1126 4853 1342 4923 scientia
1370 4853 1448 4923 uti
1462 4852 1579 4922 jam
1610 4852 1888 4923 acquisita.

615 4925 635 4962 ‘
665 4925 933 4996 Scriptum
957 4922 1111 4996 test
1164 4922 1443 4995 Sapientia
1502 4922 1561 4977 in
1613 4922 1836 4996 siientio
1884 4922 2134 4996 discitur.

543 4999 714 5054 Item:
744 4993 806 5053 In
836 4993 1030 5068 plateis
1060 4993 1154 5051 dat
1182 4993 1373 5068 vocem
1402 5009 1576 5068 suam.
1610 4993 1783 5068 Prius
1802 5010 1924 5062 ergo
1955 4994 2140 5068 inusi-

547 5063 995 5197 lentiabdéscitur,
1042 5072 1101 5122 ut
1122 5071 1245 5138 post
1300 5065 1358 5137 in
1398 5066 1593 5137 plateis
1637 5063 1970 5134 vociferatur.
2009 5065 2136 5121 Not.

547 5154 716 5196 mss.1
762 5157 776 5195 ι
824 5183 837 5196 .

545 5154 674 5196 mss.
700 5154 837 5196 IDIU.

617 5220 643 5255 ε
677 5210 927 5268 Censores
955 5208 1310 5276 discebantur,
1338 5205 1431 5277 qui
1446 5205 1521 5277 ide
1544 5205 1783 5261 moribus
1806 5205 2138 5276 judicabant.

545 5282 671 5339 Not.
703 5299 834 5339 mss.
872 5282 1011 5339 ibid.
1034 5282 1107 5338 At
1127 5276 1411 5336 censorem
1432 5276 1601 5333 fuisse
1641 5277 1996 5347 Germanum,
2028 5293 2140 5333 non

545 5353 681 5408 dicit
703 5352 1078 5408 Constantius.

586 5353 681 5409 icit
703 5352 1078 5410 Constantius.

668 5423 996 5506 Juxtaillud
1034 5420 1563 5506 z-guampnulchrum
1595 5428 1675 5477 est
1713 5420 2005 5477 monstrari
2052 5419 2139 5476 di-

545 5492 698 5569 gitis,
721 5506 774 5569 et
795 5496 1152 5569 dicier_:_7Hic
1178 5492 1319 5569 est?

620 5561 904 5618 iSalmnon
938 5567 1173 5621 :Virum
1212 5565 1279 5621 de
1313 5564 1466 5620 mille
1496 5579 1670 5619 unum
1708 5562 1922 5634 reperi;
1949 5561 2141 5618 mulie-

546 5647 662 5687 rem
695 5649 765 5688 ex
794 5636 1052 5691 omnibus
1079 5652 1191 5692 non
1220 5635 1430 5691 inveni.
1462 5635 1588 5691 Not.
1623 5651 1752 5689 mss.
1772 5632 1921 5689 ibid.

1479 236 1721 301 HERICI
1754 231 2078 293 MONACHI
2116 218 2776 291 ANTISSIODORENSIS

3639 211 3775 269 11⁸ιὶ

2101 377 2151 437 Α
2182 374 2238 430 Si
2269 387 2379 429 non
2409 376 2463 427 et
2499 366 2691 442 possit.
2722 361 2920 423 Melius
2947 359 3056 417 duo
3089 357 3281 415 vincta
3309 356 3606 414 feruntur:

2187 472 2319 539 Quae
2348 469 2394 525 si
2422 466 2715 538 dispescas,
2746 460 2891 534 perit
2918 459 3151 514 alterum
3178 473 3190 511 ε
3228 455 3309 512 ita
3336 452 3567 511 alterius
3594 466 3684 508 res

2189 560 2377 618 Altera
2402 557 2580 631 poscit
2608 568 2763 626 opem
2791 549 3016 609 sociam.
3048 553 3103 603 et
3132 542 3387 617 conjurat
3415 543 3614 600 amice.

2189 654 2335 724 Ergo
2364 656 2428 705 ut
2455 664 2578 721 quas
2601 651 2745 703 tecto
2774 642 2955 698 fuerat
2980 636 3246 724 meditata
3273 633 3474 724 cubili,

2191 722 2321 798 Post
2347 755 2444 813 per
2472 747 2803 792 marmoreas
2827 729 3064 789 clamare
3088 723 3284 797 sophia
3309 722 3522 796 plateas

2192 811 2380 888 Posset
2405 827 2440 897 ',
2469 834 2523 883 et
2550 821 2791 897 obliquis
2819 820 3041 877 demum
3080 816 3211 873 dare
3230 813 3358 885 jura
3385 811 3663 886 superbis,

2194 924 2323 981 Mox
2350 920 2418 976 ad
2446 916 2707 992 patricios
2737 912 2964 971 Juvenis
2991 915 3242 980 raptatur
3275 905 3517 961 honores
3545 924 3559 972 ;

2196 1012 2601 1081 Causarumque
2634 1012 2789 1062 actor
2817 1017 2912 1074 per
2945 997 3170 1073 publica
3197 1003 3329 1053 vota
3354 1001 3598 1062 creatus,

2198 1102 2393 1161 Arcuit
2422 1099 2655 1155 urbanas
2678 1094 2822 1167 juris
2857 1088 3182 1148 fraenamine
3212 1086 3363 1143 lites.

2270 1191 2358 1248 22.
2400 1170 2657 1247 Gratatur
2686 1181 2903 1239 Latium
2930 1186 3087 1235 tanto
3115 1190 3342 1235 censore
3368 1183 3425 1241 ';
3456 1174 3676 1247 fruique

2202 1286 2318 1341 Hoc
2352 1280 2570 1336 tantum
2601 1278 2868 1349 praesente
2897 1284 3133 1343 parvum
3167 1275 3287 1335 est;
3332 1265 3402 1322 de
3429 1258 3753 1337 posteritate

2203 1372 2450 1444 Cogitat;
2478 1376 2649 1439 utque
2679 1365 2802 1419 viro
2831 1376 2943 1417 non
2970 1357 3116 1415 desit
3151 1356 3328 1428 gloria
3356 1355 3550 1427 prolis,

2205 1465 2383 1536 thue
2410 1459 2519 1515 viri
2549 1474 2661 1513 non
2686 1453 3023 1511 destituatur
3058 1449 3305 1522 germine
3333 1449 3528 1513 Roma,

2206 1555 2268 1611 In
2298 1555 2551 1609 consorte
2579 1545 2726 1603 thori
2757 1557 2879 1615 spes
2909 1548 3027 1607 est;
3060 1554 3168 1612 qua
3199 1538 3302 1595 rite
3331 1553 3517 1595 carere

2208 1643 2367 1701 Haud
2393 1640 2677 1714 patiuntur
2705 1649 2853 1706 opes,
2882 1639 3122 1703 aetasque
3151 1627 3395 1684 obnoxia
3420 1627 3595 1694 carni,

2129 1742 2175 1802 B
2206 1734 2384 1792 Prolis
2412 1747 2584 1798 amor,
2618 1725 2821 1783 mentis
2852 1722 3098 1797 probitas
3128 1720 3190 1776 in
3218 1718 3453 1791 conjuge
3478 1716 3731 1791 pulchra,

2210 1826 2282 1881 Et
2310 1841 2469 1895 gazae,
2500 1826 2554 1876 et
2576 1832 2773 1883 mores,
2807 1820 2862 1870 et
2887 1810 3024 1871 casti
3054 1809 3271 1881 insigne
3297 1806 3541 1880 pudoris.

2208 1894 2401 1982 Qualis
2430 1911 2526 1967 ubi
2561 1908 2681 1964 visa
2715 1911 2816 1972 est,
2853 1902 3029 1974 digito
3058 1906 3208 1973 patet
3235 1897 3302 1963 ";
3339 1907 3420 1955 est
3450 1897 3580 1970 quia
3604 1894 3806 1953 nostris

2214 2005 2353 2060 Rara
2380 2000 2499 2056 avis
2537 1997 2596 2052 in
2628 1994 2791 2050 terris
2821 2005 3101 2063 corvoque
3131 1988 3379 2060 ignotior
3404 1986 3531 2043 albo
3556 1987 3590 2043 ‘.

2284 2091 2372 2149 23.
2416 2087 2616 2146 Usibus
2650 2081 2964 2139 innumeris
2991 2082 3270 2138 Romanus
3300 2077 3680 2151 calluitgorbis

2216 2183 2383 2241 Olim.
2420 2180 2637 2236 Partem
2667 2173 2973 2246 absumpsit
3001 2172 3144 2228 edax
3168 2186 3239 2226 ex
3268 2168 3425 2226 assej
3456 2175 3739 2236 vetustas;

2215 2275 2346 2331 Pars
2375 2270 2504 2327 terit
2532 2265 2777 2338 antiquis
2806 2279 2989 2320 rerum
3022 2260 3255 2332 vestigia
3286 2259 3464 2315 libris.

2220 2364 2364 2419 Gens
2394 2359 2501 2416 fuit
2527 2358 2625 2413 illa
2654 2372 2842 2427 sagax,
2874 2360 2928 2408 et
2953 2368 3080 2409 cum
3110 2351 3316 2407 bellare
3351 2349 3548 2422 perita,

2219 2453 2357 2508 Tum
2385 2464 2565 2504 mores
2599 2446 2837 2501 formare
2868 2441 3002 2509 scia,
3028 2448 3084 2496 et
3111 2454 3443 2510 componere
3471 2445 3652 2497 cauta.

2220 2542 2336 2599 Neu
2362 2548 2549 2596 tenera
2577 2537 2635 2592 in
2668 2533 2852 2607 pueris
2880 2547 3039 2588 naevo
3078 2528 3452 2585 intabesceret
3478 2536 3611 2585 aetas

2224 2625 2700 2702 (Quandoquidem
2724 2624 2782 2678 in
2802 2621 3007 2677 vitium
3035 2636 3190 2675 mens
3218 2627 3301 2675 est
3331 2617 3451 2675 haec
3474 2635 3629 2674 cerea
3648 2617 3812 2686 ﬂecti,

2225 2719 2471 2790 Cumque
2503 2716 2607 2772 iter
2638 2712 2957 2784 ambiguum
2991 2708 3159 2790 (Belf.
3190 2714 3239 2763 et
3266 2708 3461 2780 Lugd,
3485 2708 3811 2781 ambivium)

2992 2787 3234 2873 |ramOsa
3262 2797 3331 2854 ad
3360 2799 3604 2871 compita
3627 2800 3812 2865 vexit;

2228 2897 2624 2972 Proposuitque
2653 2894 2821 2960 viam,
2850 2891 3038 2947 Samio
3067 2896 3368 2962 praeeunte,
3402 2887 3656 2944 bicallem
3689 2887 3748 2956 ις

2227 2992 2432 3047 Dextra
2460 2986 2614 3060 sequi
2647 2989 2939 3041 cunctatur
2972 2980 3143 3048 iners,
3174 2987 3413 3051 votoque
3444 2980 3686 3053 maligno

2151 3097 2195 3157 ο
2228 3080 2387 3135 Lreva
2426 3074 2599 3145 tenet)
2633 3074 2753 3129 visa
2781 3079 2862 3127 est
2886 3085 2951 3127 ea
2978 3078 3099 3126 tum
3129 3068 3223 3125 via
3249 3068 3455 3125 rectior
3485 3069 3573 3125 illi
3601 3068 3644 3125 ':

2231 3167 2493 3223 Servabat
2529 3172 2747 3219 teneros
2773 3160 3023 3219 custodia
3052 3157 3287 3232 pervigil
3317 3175 3511 3227 annos,

2232 3259 2304 3314 Et
2332 3255 2463 3313 casti
2495 3252 2744 3319 comites,
2776 3257 2832 3306 et
2860 3250 2981 3322 opis
2996 3238 3236 3304 “rubrica
3265 3256 3295 3275 “
3324 3248 3599 3319 magistrae

2234 3344 2517 3418 Apposita,
2549 3350 2603 3398 et
2633 3356 2832 3398 curvos
2862 3339 3186 3394 innormans
3215 3337 3401 3409 regula
3430 3352 3628 3406 mores,

2234 3436 2303 3491 Et
2335 3449 2548 3506 pressus
2573 3429 2787 3485 ratione
2815 3426 3052 3497 animus,
3086 3425 3347 3498 vincique
3376 3424 3645 3495 laborans,

2235 3524 2315 3579 Ac
2345 3519 2694 3594 praeceptoris
2722 3518 2926 3574 ducens
2958 3515 3060 3571 sub
3089 3513 3290 3587 pollice
3320 3514 3537 3569 vultum
3563 3532 3575 3569 :

2236 3613 2495 3684 Signabat
2520 3611 2783 3684 trepidas,
2814 3617 2869 3665 et
2897 3608 3078 3664 adhuc
3110 3606 3345 3663 rationis
3373 3612 3614 3678 egentes,

2238 3700 2578 3773 Consiliique
2602 3701 2793 3771 inopes
2815 3702 3081 3769 praetexta
3107 3693 3486 3768 [subintellige,
3503 3689 3645 3765 toga]
3666 3689 3818 3762 aptis

2614 3811 2629 3820 -
3336 3782 3501 3856 [sima
3530 3787 3760 3848 mentes,

2237 3885 2415 3952 Dicta,
2465 3880 2612 3955 quod
2641 3880 2789 3936 hanc
2818 3877 2986 3951 Tyrio
3016 3875 3243 3948 lymbns
3290 3880 3616 3947 praetexeret
3663 3880 3821 3937 ostro,

2238 3974 2309 4029 Et
2339 3988 2501 4045 super
2527 3971 2669 4028 hanc
2696 3970 2877 4027 alﬁcta
2904 3976 3215 4025 toreumata
3246 3977 3288 4036 ',
3322 3968 3594 4040 graeculus
3620 3981 3751 4021 usus

2245 4065 2315 4131 (Α
2348 4062 2528 4118 Graiis
2556 4068 2770 4116 traxere
2796 4057 2918 4115 Itali
2945 4060 2988 4129 °)
3019 4057 3189 4112 index
3219 4055 3549 4112 nobilitatis.

2313 4151 2401 4208 2i.
2436 4150 2537 4207 Hic
2565 4157 2683 4206 tum
2709 4147 2893 4206 cultus
2917 4154 3051 4202 erat.
3078 4146 3419 4202 Transeensa
3448 4144 3664 4218 puertia
3688 4150 3821 4215 post-

3574 4231 3763 4306 [quam

2312 4364 2325 4395 ³
2363 4356 2451 4410 Ex
2479 4360 2616 4409 toto.

2316 4430 2336 4459 λ
2374 4420 2943 4497 Pythagoras‘Saptius
2959 4419 3265 4497 qualitatem
3281 4418 3404 4497 pitu:
3422 4418 3667 4497 humana
3690 4420 3737 4476 Υ
3754 4420 3831 4497 Iit:

2249 4505 2371 4554 tam
2397 4486 2764 4566 conﬁrmavit.
2802 4492 2927 4566 Not.
2961 4486 3253 4566 ibid.
3278 4489 3423 4546 Hinc
3450 4489 3668 4561 collige,
3701 4486 3830 4563 quid

2246 4586 2461 4625 ramosa
2489 4562 2733 4635 compita,
2763 4563 2902 4636 quid
2928 4563 3016 4636 nia
3047 4562 3273 4619 bicallis.

2318 4638 2330 4667 ⁸
2366 4640 2566 4697 Sensus
2596 4629 2676 4692 est
2700 4629 2907 4691 {Genti
2941 4635 3199 4691 Romanae
3229 4641 3384 4705 tunc,
3417 4632 3638 4704 quando
3659 4629 3832 4705 pueri-

2244 4711 2323 4766 tia
2350 4727 2382 4766 a
2409 4708 2563 4765 vitiis
2592 4707 2660 4763 ad
2689 4706 2950 4762 virtutem
2981 4704 3129 4760 ﬂexu
3159 4703 3340 4761 facilis
3369 4703 3508 4774 erat,
3542 4703 3726 4759 visum
3754 4709 3830 4774 est

2249 4783 2350 4853 hac
2374 4796 2570 4853 pueros
2593 4779 2661 4835 ad
2683 4778 2943 4853 virtutem
2974 4778 3067 4832 via
3094 4775 3397 4843 deducere;
3424 4772 3500 4831 iis
3522 4790 3719 4847 nempe
3738 4772 3831 4829 ad-

2247 4850 2490 4909 hibendo
2514 4850 2788 4915 custodes,
2824 4857 2931 4906 etc.

2319 4934 2346 4951 ”'
2386 4921 2623 4979 Rubrica
2662 4920 2943 4975 fabrorum
2977 4918 3142 4986 linea,
3187 4918 3336 4976 dicta
3369 4935 3402 4974 a
3432 4917 3600 4975 rubro
3631 4915 3828 4974 colore.

2247 4994 2479 5121 angitur
2502 4999 2684 5049 autem
2714 5007 2812 5064 pro
2841 4990 3130 5063 diligentia
3160 4991 3482 5064 magistrali.
3529 4990 3659 5048 Not.
3704 5001 3830 5043 mss.

2248 5083 2267 5121 ι
2309 5083 2326 5120 ι
2374 5109 2386 5120 .

2248 5083 2386 5121 ιυια.

2317 5144 2339 5163 “
2376 5134 2437 5193 Id
2466 5142 2568 5203 est,
2600 5135 2756 5190 bullce
2783 5150 2977 5189 aurem.
3020 5133 3145 5190 Not.
3179 5150 3310 5190 mss.
3343 5133 3481 5190 ibid.
3528 5131 3657 5188 Non
3683 5136 3829 5188 erant

2248 5214 2430 5263 autem
2466 5207 2575 5263 illae
2610 5206 2751 5277 togis
2779 5204 3062 5277 praetextis
3081 5206 3280 5279 efﬁctas,
3302 5203 3398 5261 sed
3424 5222 3453 5262 e
3480 5204 3628 5262 collo
3648 5216 3831 5277 puero-

2249 5295 2371 5333 rum
2400 5293 2693 5350 suspensae.

2318 5357 2337 5377 '
2374 5344 2670 5404 Imo'usum
2694 5347 2842 5405 hunc
2869 5348 2936 5404 ab
2962 5348 3211 5404 Etruscis
3230 5348 3459 5411 ductum
3481 5344 3827 5414 fuisse,th

2249 5435 2312 5474 ac
2343 5419 2535 5491 probat
2566 5419 2926 5491 Wolfgangus
2956 5420 3151 5491 Lazius
3181 5419 3247 5491 in
3272 5413 3701 5491 Commentariis
3718 5413 3827 5491 _rei-

2252 5488 2402 5572 pubi.
2431 5493 2590 5572 Itom.
2625 5488 2877 5572 lilia—vui,
2912 5489 3115 5572 cap.
3150 5490 3253 5572 ubi
3282 5489 3350 5572 de
3383 5488 3829 5572 praetextaleura

2518 5563 2597 5617 De
2624 5560 2775 5617 bulla
2803 5577 2933 5618 vero
2961 5560 3246 5634 sigillatim
3273 5560 3439 5618 etiam
3478 5560 3593 5633 agit
3623 5560 3719 5616 lib.
3749 5571 3827 5624 ix,
