4078 6182
235 245 371 311 1145

237 399 479 462 Vestibat
506 403 722 453 teneras
758 396 915 453 molli
946 396 1204 470 lanugine
1235 398 1407 454 malas

241 492 320 564 (Id
347 488 432 546 bis
456 495 687 544 octonos
717 495 835 542 erat
862 494 1177 544 attrectasse
1205 489 1556 558 Decembres)

237 579 465 641 Cedebat
496 585 761 649 praetexta
789 584 947 648 togae,
977 578 1277 650 patriisque
1307 595 1518 635 coaevas

235 670 504 744 Aptabant
533 667 763 735 laribus,
799 666 1036 738 puerilia
1065 683 1312 735 munera,
1345 667 1545 725 bullas.

237 765 333 821 llic
359 760 571 834 trepida
595 767 841 831 optatum
877 760 1073 815 sortita
1097 759 1334 816 infantia
1361 760 1549 830 ﬁnem,

237 853 331 909 llic
359 850 486 907 ﬁxit
515 857 723 906 metas:
757 849 884 905 exin
918 849 1161 921 bellique
1187 849 1446 922 domique

237 941 412 1009 Utilis,
447 946 501 995 et
529 939 692 996 rebus
728 937 923 1011 quavis
952 938 1010 994 in
1039 948 1195 1011 parte
1219 937 1472 1010 gerendis

235 1031 470 1104 Quisque
503 1028 800 1104 putabatur
828 1039 1044 1087 maturo
1073 1029 1398 1087 commodus
1435 1045 1572 1086 aevo.

238 1125 495 1180 Hauserat
524 1121 630 1179 hoc
659 1121 785 1190 aevi,
810 1121 1143 1194 juvenisque
1178 1127 1392 1194 togatus
1421 1119 1614 1192 agebat

236 1211 430 1268 zEtatis
459 1209 691 1267 solidam
721 1209 1005 1267 cumulato
1036 1208 1233 1265 robore
1258 1216 1491 1281 partem,

236 1304 366 1362 Cum
392 1316 556 1374 super
587 1299 834 1356 addictas
865 1299 1173 1371 praesulque
1201 1304 1254 1353 et
1284 1297 1400 1352 dux
1433 1295 1684 1368 regiones

232 1391 488 1455 Effertur,
522 1387 682 1444 terris
712 1403 820 1460 qua
849 1386 1095 1444 Gallicus
1123 1386 1351 1443 incubat
1375 1385 1515 1456 axis,

235 1480 369 1538 Cum
409 1476 618 1533 vindex
645 1475 933 1544 scelerum,
970 1485 1089 1533 tum
1119 1475 1465 1548 dispensator
1492 1476 1789 1532 honorum.

233 1567 431 1626 Orbem
462 1574 578 1623 tum
609 1573 786 1623 totum
815 1587 835 1613 ι
865 1566 1046 1624 victor
1079 1567 1356 1622 Romanus
1394 1565 1647 1634 habebat,

231 1656 346 1724 Qua
376 1673 543 1725 mare,
577 1672 683 1729 qua
728 1655 912 1724 tellus,
960 1671 1066 1728 qua
1095 1655 1260 1711 cardo
1291 1655 1529 1728 invergit
1559 1663 1785 1727 uterque
1811 1671 1824 1721 ;

231 1747 285 1804 Si
320 1746 469 1820 quod
507 1746 567 1803 in
605 1745 735 1802 orbe
765 1745 988 1815 fretum,
1031 1745 1078 1802 si
1112 1744 1236 1818 quis
1268 1745 1422 1800 sinus
1468 1745 1688 1801 abditus
1727 1761 1829 1801 us-
1859 1777 1905 1837 Β

1547 1833 1756 1907 [quam,

227 1928 283 1983 Si
315 1927 466 2001 quod
494 1927 658 1984 clima
682 1927 827 1984 fores
851 1923 1100 1984 thbeae
1129 1923 1398 1999 lampadis
1426 1941 1646 1998 expers,

227 2018 282 2073 Si
313 2034 425 2090 qua
453 2018 560 2074 fuit
592 2017 761 2090 regio,
794 2017 1010 2074 fulvum
1042 2032 1163 2090 quae
1190 2016 1439 2088 gigneret
1462 2031 1681 2083 aurum,

224 2108 310 2164 Nil
341 2107 458 2163 nisi
486 2107 720 2164 Romani
749 2106 972 2162 vivebat
1001 2105 1246 2162 nominis
1273 2104 1506 2172 umbra;

226 2196 481 2254 Arbitrio
502 2195 679 2250 sancti
717 2194 1042 2251 constabant
1070 2203 1269 2249 cuncta
1289 2200 1533 2248 senatus.

224 2288 474 2358 Sceptra,
507 2284 876 2356 magistratus,
915 2283 1087 2350 tituli,
1121 2281 1398 2354 praetoria,
1431 2279 1598 2348 sellae,

224 2375 504 2433 Praetexta
537 2372 728 2448 [Belf.,
754 2379 1015 2446 praetexta
1040 2370 1142 2445 et],
1163 2370 1380 2440 trabeae,
1401 2370 1592 2437 fasces,
1618 2367 1834 2440 insigne

1466 2457 1759 2533 [tribunal,

223 2645 457 2716 zEdilis,
490 2653 749 2720 quaestor,
784 2643 1042 2712 dictator,
1070 2639 1474 2714 juridicusque,

221 2739 315 2808 Et,
361 2753 551 2794 rerum
582 2736 674 2792 cui
713 2750 927 2790 summa
957 2742 1104 2806 patet
1134 2740 1414 2805 paretque,
1447 2729 1796 2799 monarchos,

224 2828 296 2883 Et
325 2825 746 2884 conﬂandarum
780 2840 874 2896 per
906 2830 1093 2895 gentes
1123 2820 1310 2878 cautio
1343 2820 1546 2890 legum,

228 2917 302 2971 Et
329 2931 446 2988 pax
476 2923 530 2971 et
561 2914 793 2978 bellum,
826 2913 894 2969 lis
921 2920 976 2968 et
1005 2910 1299 2968 concordia
1330 2926 1534 2978 rerum,

229 3005 439 3061 Omnia
469 3002 798 3074 conscriptis
826 3001 1110 3058 servibant
1141 2999 1389 3072 patribus
1426 2999 1582 3066 olim,

195 3096 198 3099 ’
225 3095 380 3162 Quos
415 3110 578 3166 penes
616 3091 875 3148 immensi
906 3090 1082 3146 stabat
1110 3088 1359 3147 custodia
1387 3087 1615 3144 mundi:

227 3184 483 3256 Cumque
512 3183 692 3238 forent
721 3179 893 3236 clausi
926 3178 1127 3235 resides
1155 3179 1214 3234 in
1241 3186 1389 3250 parte
1419 3174 1627 3244 sacelli,

231 3273 460 3330 Divinis
486 3272 756 3346 quadrum
786 3269 1065 3342 fingebant
1095 3267 1304 3340 legibus
1335 3265 1544 3324 orbem.

234 3367 535 3422 Gestorum
566 3363 732 3419 series
762 3361 1107 3434 aliquatenus
1128 3358 1451 3426 intercepta,

226 3457 276 3511 Α
313 3455 648 3512 diverticulo
678 3453 900 3508 demum
945 3448 1176 3520 repetita
1211 3444 1466 3518 placebit.

303 3616 402 3674 25.
467 3609 757 3672 Crescebat
807 3606 1019 3662 meritis
1073 3610 1286 3661 mactus
1345 3603 1686 3660 successibus
1747 3603 1839 3659 he-

1633 3696 1767 3770 [ros,

222 3791 584 3865 Perfectique
632 3806 860 3863 sequax,
904 3788 1139 3862 primam
1198 3784 1455 3844 tendebat
1489 3786 1558 3842 ad
1605 3802 1785 3844 arcem
1817 3781 1839 3816 ¹³

224 3884 508 3944 Cursibus
537 3883 826 3955 impigris;
860 3898 927 3937 ne
959 3899 1068 3938 non
1100 3880 1376 3953 perfectus
1405 3877 1472 3934 ab
1505 3877 1659 3934 omni

227 3977 401 4032 Parte
430 3973 594 4041 foret,
627 3988 778 4028 sacer
816 3979 867 4027 et
900 3972 1097 4043 praesul
1124 3969 1236 4041 jam
1262 3968 1486 4041 jamque
1526 3968 1767 4024 futurus.

229 4066 420 4138 thue
449 4063 516 4119 ad
546 4063 787 4118 letiferas
819 4061 991 4117 aciem
1023 4059 1355 4116 contendere
1395 4063 1592 4129 pestes,

230 4163 604 4232 Emersasque
622 4159 853 4216 haereses
885 4156 1078 4232 [Belf.,
1104 4155 1506 4227 Haereticasque
1529 4153 1669 4228 lues]
1699 4154 1846 4210 unde

1047 4246 1218 4320 [unde
1245 4246 1538 4302 extrudere
1569 4251 1770 4318 posset,

233 4340 509 4399 Armabat
529 4339 747 4396 doctam
769 4339 938 4395 vivax
970 4337 1228 4394 facundia
1261 4337 1532 4407 linguam.

232 4429 481 4487 Iustitiae
509 4429 720 4497 doctor,
747 4428 890 4500 juris
921 4443 1138 4500 quoque
1168 4442 1363 4481 norma
1394 4426 1642 4494 futurus,

233 4521 259 4575 J
270 4537 372 4576 ure
405 4519 558 4575 dedit
586 4518 832 4575 studium
864 4516 1126 4573 discendo
1155 4532 1225 4571 ex
1255 4523 1501 4587 tempore
1527 4516 1663 4586 juri.

234 4610 461 4682 Quique
491 4609 773 4681 pudicitiae
816 4608 1032 4680 populis
1063 4606 1394 4662 documenta
1423 4606 1672 4674 daturus,

234 4701 310 4755 Et
341 4700 480 4755 casti
511 4709 770 4755 cauturus
799 4707 914 4754 erat
941 4697 1156 4753 decreta
1186 4695 1408 4764 cubilis,

236 4787 458 4845 Ordine
489 4788 764 4860 praecipuo
795 4787 984 4858 legalis
1010 4786 1216 4842 foedera
1245 4785 1371 4842 lecti

235 4876 508 4948 Suscipit,
540 4887 592 4932 et
623 4885 769 4933 casta
799 4877 970 4932 vitam
1001 4892 1126 4932 cum
1156 4874 1387 4948 conjuge
1417 4874 1642 4942 ducens,

229 4967 370 5023 Jura
403 4967 675 5040 voluptati
707 4967 959 5040 permisit
989 4967 1144 5022 nulla
1173 4963 1464 5030 nefandae;

231 5055 546 5130 Gigncndae
582 5065 797 5112 tantum
828 5062 1120 5112 contentus
1152 5054 1340 5109 vivere
1363 5052 1525 5124 proli.

305 5217 402 5274 26.
437 5217 685 5290 Cumque
717 5217 900 5271 virum
934 5215 1042 5270 late
1080 5212 1323 5288 parentis
1359 5212 1426 5268 ab
1469 5214 1655 5270 omnia
1687 5222 1844 5271 terra:

305 5363 327 5388 ι
362 5340 467 5395 Per
494 5340 855 5414 hyperbolen.

307 5464 332 5499 ιι
378 5448 664 5520 Sapientia:
683 5449 876 5506 scilicet
901 5455 947 5505 et
975 5449 1210 5506 virtutis.
1243 5447 1372 5505 Not.
1406 5463 1538 5504 mss.

303 5563 325 5586 ε
369 5553 627 5630 Lasciuis,
680 5554 737 5630 id
770 5563 850 5611 est
881 5557 1046 5630 castis
1092 5557 1339 5630 quidem,
1375 5556 1482 5630 sed,
1494 5553 1845 5630 juvenilibus

228 5634 427 5681 tamen
457 5641 518 5683 ac
546 5626 808 5684 inanibus
828 5629 1028 5686 studiis
1054 5626 1289 5686 venandi
1311 5626 1564 5700 pascebat
1592 5627 1843 5683 animum

1306 246 1404 302 DE
1443 245 1614 304 VITA
1651 246 1708 304 S.
1751 247 2093 307 GERMANI.
2133 279 2204 292 —-
2240 249 2376 306 LIB.
2419 250 2461 306 Ι.

3398 254 3536 312 uas

1855 405 1907 464 A
1933 402 2106 460 Multa
2155 401 2406 474 fatigaret
2447 399 2709 476 privatim
2741 407 2795 459 et
2840 401 3059 476 publice
3093 402 3207 473 (B.,
3242 405 3457 477 privata
3483 416 3539 466 et

3005 490 3273 566 [publiea)
3312 510 3464 564 cura,

1937 579 2170 635 Pronior
2200 578 2256 634 in
2287 579 2489 651 patrias
2517 580 2764 636 animum
2795 580 3060 637 deﬁxerat
3089 599 3210 638 oras

1936 669 2182 725 Affectus
2211 667 2466 742 genitalis
2496 669 2672 738 humi,
2705 686 2872 742 quam
2911 671 3140 728 mitibus
3169 688 3340 745 usque

1937 758 2224 828 Temperat
2255 757 2451 813 ofﬁciis
2479 763 2533 812 et
2563 757 2720 812 molli
2750 757 2923 816 ﬂectit
2951 759 3182 828 habena,

1936 847 2180 903 Praesens
2205 854 2528 918 praesentem
2560 847 2815 918 praesenti
2847 847 3075 902 numine
3108 849 3354 906 firmans.

1938 937 2064 992 Haec
2084 933 2299 1003 domus,
2333 935 2451 991 haec
2480 932 2714 1008 requies,
2747 934 2864 992 haec
2895 934 3186 990 ablectatio
3217 938 3344 993 vitae
3373 956 3384 993 :

1936 1026 2037 1084 Vel
2069 1027 2200 1099 quia
2232 1025 2527 1081 fundorum
2558 1041 2670 1081 non
2703 1024 3105 1082 contemnenda
3126 1026 3358 1084 facultas

1937 1117 2040 1173 Hic
2069 1116 2154 1172 illi
2183 1116 2380 1183 fuerat,
2408 1115 2550 1187 juris
2581 1123 2941 1170 monumenta
2972 1116 3183 1187 paterni
3211 1134 3224 1182 ;

1937 1207 2038 1264 Vel
2068 1207 2197 1279 quia
2237 1205 2550 1278 (terrigenis
2579 1212 2658 1261 est
2689 1204 2836 1277 quod
2867 1206 3136 1261 nonnulla
3165 1206 3444 1278 voluptas)

1937 1295 2108 1367 Copia
2136 1296 2435 1351 multarum
2467 1294 2661 1366 juveni
2695 1311 2989 1368 permagna
3018 1295 3258 1351 ferarum

1937 1385 2228 1442 Silvestres
2256 1385 2534 1458 praebebat
2567 1402 2717 1459 opes.
2754 1386 3059 1443 Venatibus
3085 1386 3181 1442 ille

1935 1477 2188 1546 Deditus,
2221 1487 2275 1534 et
2305 1477 2512 1534 levium
2541 1477 2813 1534 meditans
2841 1479 3151 1551 spectacula
3177 1494 3383 1546 rerum,

1936 1567 2182 1624 Lascivis
2209 1567 2459 1624 animum
2492 1567 2694 1624 studiis
2725 1567 2975 1640 pascebat
3003 1567 3235 1624 inertem
3265 1578 3320 1622 °:

1939 1656 2186 1730 Cumque
2209 1656 2353 1713 foret
2381 1657 2521 1714 sacri
2556 1657 2767 1714 dilutus
2797 1657 2950 1713 fonte
2981 1657 3232 1730 liquoris,

1937 1749 2096 1806 Nudo
2120 1766 2176 1806 se
2205 1757 2424 1806 tantum
2453 1751 2724 1823 gaudebat
2754 1751 2980 1806 nomine
3016 1751 3127 1808 dici

1940 1840 2329 1900 Christicolam
2360 1858 2373 1906 ;
2412 1841 2624 1897 luteum
2653 1839 2936 1912 sapiebant
2964 1847 3160 1896 caetera
3185 1841 3430 1899 saeclum.

2011 1931 2098 1987 27.
2130 1932 2369 2003 Altoque
2397 1939 2451 1988 et
2490 1931 2601 1986 lato
2632 1930 2807 1986 stabat
2836 1930 3146 2003 gratissima
3183 1929 3460 2002 quondam

1939 2019 2083 2077 Urbe
2119 2035 2290 2092 pyrus
2320 2019 2518 2087 media,
2552 2020 2756 2091 populo
2788 2019 3104 2091 spectabilis
3133 2019 3283 2074 omni
3313 2039 3326 2086 ;

1939 2109 2060 2166 Non
2090 2108 2220 2181 quia
2256 2107 2593 2180 pendentum
2625 2108 2860 2164 ﬂavebat
2895 2108 3104 2164 honore
3129 2124 3415 2180 pyrorum,

1940 2201 2051 2256 Nec
2079 2199 2209 2271 quia
2236 2207 2513 2270 perpetuae
2539 2199 2804 2255 vernabat
2833 2215 3060 2255 munere
3083 2197 3325 2264 frondis;

1941 2289 2048 2345 Sed
2087 2289 2475 2360 deprensarum
2506 2289 2708 2360 passim
2738 2289 2916 2360 capita
2945 2291 3055 2346 alta
3086 2290 3347 2357 ferarum,

1942 2379 2175 2435 Arboris
2204 2380 2472 2436 obscoenas
2501 2379 2706 2450 patulis
2731 2379 2995 2434 haerentia
3025 2380 3211 2448 ramis,

1943 2467 2264 2525 Praebebunt
2292 2483 2434 2522 vano
2470 2468 2721 2538 plausum
2752 2476 2807 2522 et
2833 2467 3144 2538 spectacula
3173 2467 3355 2539 vulgo.

1945 2557 2253 2614 Horrebant
2284 2556 2402 2612 illic
2442 2555 2641 2628 trepidi
2670 2555 2897 2611 ramalia
2927 2557 2952 2591 ά
2979 2555 3148 2622 cervi,

1945 2649 2017 2704 Et
2045 2646 2229 2703 dirum
2260 2645 2564 2701 frendentis
2594 2645 2711 2717 apri
2740 2644 2854 2700 fera
2891 2644 3120 2716 spicula,
3153 2643 3362 2712 dentes,

1944 2737 2182 2796 Acribus
2201 2737 2436 2794 exitium
2471 2736 2799 2794 meditantes
2832 2737 2972 2793 forte
2997 2736 3249 2792 molossis
3275 2753 3286 2792 :

1945 2829 2099 2885 Tunc
2125 2841 2342 2900 quoque
2377 2826 2456 2882 sic
2496 2825 2666 2882 variis
2695 2826 2854 2882 arbos
2883 2825 3078 2881 induta
3107 2825 3349 2897 tropaeis,

1945 2916 2230 2972 Fundebat
2258 2915 2488 2971 rudibus
2514 2915 2705 2974 lascivi
2736 2916 2944 2972 semina
2973 2915 3136 2971 risus.

1946 3005 2166 3060 Fixerat
2195 3004 2312 3063 haec
2339 3004 2588 3074 iuvenis,
2621 3004 2799 3060 laudis
2831 3012 3080 3076 captator
3108 3011 3161 3060 et
3194 3021 3362 3072 aurae,

1945 3092 2061 3161 Qua
2089 3092 2275 3150 faciles
2306 3093 2477 3149 animi
2516 3093 2771 3166 pascique
2793 3093 3022 3166 capique
3053 3101 3334 3149 suescunt.

2576 3219 2804 3276 CAPUT
2842 3221 2913 3276 II.

1948 3322 2004 3379 S.
2044 3320 2318 3377 Amatoris
2359 3321 2505 3376 zelus
2549 3320 2800 3374 adversus
2835 3321 3086 3376 Germani
3129 3319 3548 3392 superstitionem

2548 3397 2594 3446 et
2639 3393 2798 3463 hujus
2839 3392 2941 3446 ira.

2019 3503 2108 3559 28.
2141 3500 2303 3558 Urbis
2327 3517 2481 3558 amor
2510 3508 2730 3568 nostrae,
2777 3500 3024 3572 sacrique
3073 3499 3309 3556 refector
3358 3498 3545 3569 ovilis,

1947 3592 2152 3649 Praesul
2180 3593 2408 3648 Amator
2436 3599 2568 3658 erat,
2604 3589 2801 3646 merito
2834 3589 3162 3662 cognomine
3192 3596 3420 3646 mactus.

1949 3684 2151 3740 Doctor
2181 3682 2522 3755 magniﬁcus,
2549 3681 2871 3736 meritorum
2900 3681 3019 3735 luce
3043 3695 3326 3748 coruscus,

1950 3775 2241 3847 Signorum
2273 3772 2450 3830 titulis
2485 3773 2642 3844 longe
2672 3772 2887 3844 lateque
2917 3769 3169 3826 celebris.

1950 3866 2184 3922 Noverat
2224 3864 2315 3922 hic
2343 3863 2550 3936 rapidis
2578 3872 2774 3918 metam
2808 3860 3085 3934 praeﬁgere
3117 3859 3379 3930 flammis,

1952 3956 2187 4012 Noverat
2217 3955 2471 4012 adversas
2503 3953 2668 4011 verbo
2692 3953 2983 4009 detrudere
3012 3957 3207 4023 pestes,

1953 4045 2196 4100 Auribus
2223 4043 2520 4100 obstructis
2551 4044 2761 4100 aditum
2797 4040 3132 4115 praetendere
3163 4039 3336 4108 vocis,

1955 4134 2209 4193 Oﬂiciuni
2242 4133 2445 4188 vinctis
2477 4139 2743 4202 praecepto
2779 4131 3004 4186 reddere
3037 4130 3261 4202 linguis,

1956 4226 2083 4280 Post
2111 4223 2278 4278 funus
2303 4220 2508 4278 functis
2537 4236 2696 4274 usum
2727 4219 3024 4273 concedere
3057 4220 3196 4274 lucis
3223 4237 3234 4273 :

1957 4312 2158 4369 Omnia
2196 4312 2289 4385 qui
2319 4316 2550 4384 poterat,
2582 4316 2770 4365 sancto
2801 4305 2954 4361 dedit
2983 4306 3170 4359 omnia
3199 4321 3374 4376 posse.

1957 4405 2152 4461 Sancte
2181 4401 2356 4474 gregis
2393 4407 2562 4468 tutor,
2598 4398 2691 4471 qui
2717 4396 2841 4467 jure
2864 4393 3076 4452 vocaris
3107 4394 3352 4458 Amator,

1873 4501 1920 4559 D
1957 4493 2076 4548 Non
2106 4492 2225 4546 auri
2255 4499 2349 4546 aut
2374 4489 2588 4556 mundi,
2620 4502 2813 4541 verum
2844 4493 2992 4540 trans
3021 4482 3208 4538 omnia
3237 4481 3480 4548 Christi;

1953 4584 2029 4638 Ne
2061 4582 2199 4637 mihi
2231 4595 2506 4645 succense,
2539 4577 2605 4632 de
2632 4585 2684 4632 te
2716 4590 2984 4648 perpauca
3015 4573 3282 4646 loquenti.

1956 4676 2244 4731 Gestorum
2279 4669 2416 4726 mihi
2446 4668 2606 4724 dulce
2644 4666 2786 4722 foret
2815 4671 3173 4719 monumenta
3203 4671 3448 4734 tuorum,

1953 4765 2024 4819 Et
2056 4764 2182 4819 vitae
2212 4770 2390 4818 totum
2422 4759 2628 4832 plectro
2659 4771 2975 4830 percurrere
3007 4763 3224 4812 textum
3253 4775 3266 4823 ;

1954 4852 2059 4910 Sed
2083 4859 2302 4909 revocat
2331 4849 2540 4922 sumpti
2573 4848 2740 4904 series
2769 4847 3029 4920 perlonga
3062 4845 3272 4903 laboris
3296 4864 3309 4914 ;

1953 4943 2062 4998 Nec
2090 4940 2224 4998 sinit
2254 4956 2286 4996 a
2313 4949 2490 5011 empto
2523 4952 2797 5011 quoquam
2829 4936 3118 4994 deﬂectere
3157 4937 3314 4993 calle.

1955 5034 2024 5087 Et
2054 5039 2108 5087 te
2137 5030 2526 5102 grandiloquos
2557 5028 2757 5083 vellem
2787 5027 3024 5082 nutrisse
3056 5033 3267 5098 poetas,

1954 5123 2058 5190 Qui
2088 5123 2191 5178 tibi
2218 5122 2516 5176 nmlticana
2546 5127 2766 5192 possent
2796 5119 3000 5190 garrire
3031 5133 3295 5175 cammna.

1959 5211 2187 5270 Vatibus
2215 5220 2274 5268 ut
2302 5227 2504 5280 careas,
2547 5218 2817 5266 rectorum
2851 5213 2931 5261 est
2967 5207 3128 5278 culpa
3156 5215 3378 5262 tuorum
3408 5207 3449 5261 ‘.

1954 5342 2192 5407 inertem,
2223 5339 2330 5397 hoc
2356 5349 2437 5397 est
2465 5335 2532 5393 ab
2562 5332 2732 5392 olIicii
2757 5331 2845 5388 sui
2880 5331 3029 5389 curis
3060 5339 3370 5400 vacantem,
3394 5339 3560 5405 atque

1956 5411 2472 5484 interquiescentem
2485 5453 2497 5466 .

2027 5484 2052 5518 (ι
2086 5483 2322 5539 Cornua.
2355 5483 2480 5538 Not.
2520 5497 2649 5536 mss.

2027 5564 2047 5590 °
2093 5554 2329 5610 Videtur
2369 5553 2659 5624 suggillare
2700 5552 2982 5625 episcopos
3012 5547 3558 5625 Autissiodorenses,

1955 5625 2102 5699 quod
2139 5635 2312 5684 artem
2341 5621 2614 5698 poeticam
2653 5621 2765 5682 non
2804 5621 2977 5698 magis
3007 5622 3067 5680 in
3109 5622 3258 5682 clero
3286 5621 3551 5680 foverint.
