4078 6182
501 203 636 265 1147

491 356 595 442 _His
621 353 775 413 aliud
802 351 1059 410 dabimus
1092 361 1416 428 tempusque
1446 353 1737 427 locumque
1770 358 2027 430 querelis.

497 455 579 513 Tu
608 460 791 510 tamen
820 452 1029 510 interea
1057 451 1418 526 praesentibus
1456 461 1628 520 utere,
1662 460 1865 524 pastor,

498 543 824 617 Obsequiis;
858 553 912 600 et
935 544 981 599 si
1022 559 1129 615 qua
1158 559 1278 598 meo
1310 543 1586 614 condigna
1623 544 1801 599 relatu

496 634 584 693 Ad
611 633 788 691 nostri
811 639 1072 706 poterunt
1094 633 1368 704 praeconia
1395 648 1615 689 currere
1646 633 1825 689 Patris
1853 676 1875 703 ,

498 723 777 781 Laudibus
803 722 899 777 illa
928 720 1037 778 tuis
1066 722 1322 780 accedere
1351 738 1529 795 posse,
1562 729 1775 794 putato.

497 816 580 872 Tu
615 822 803 888 pater;
836 814 930 869 ille
960 821 1088 869 tuus
1115 829 1211 885 per
1240 812 1525 870 Christum
1561 813 1800 885 denique
1834 819 2017 880 natus,

498 903 671 963 Crede
699 903 858 971 mihi,
893 919 1103 975 magnae
1129 910 1417 974 reputatur
1449 903 1631 975 portio
1671 900 1874 969 laudis,

499 992 637 1051 Cum
666 993 836 1065 patris
864 993 923 1047 in
948 992 1142 1050 faciem
1180 992 1297 1047 nati
1344 992 1605 1048 laudatur
1646 991 1848 1063 imago.

496 1083 766 1142 Narrandi
798 1089 1037 1155 coeptum
1068 1088 1276 1153 repetat
1299 1080 1414 1153 jam
1445 1098 1601 1138 musa
1630 1088 1899 1136 tenorem.

567 1174 657 1233 ‘29.
700 1175 926 1231 Insanos
956 1173 1095 1229 ritus
1112 1180 1164 1229 et
1195 1174 1366 1229 noxia
1391 1174 1611 1230 ludicra
1639 1171 1815 1229 sancti

497 1266 664 1340 zEgre
691 1265 797 1322 fert
821 1265 1077 1333 animus;
1110 1282 1210 1324 nec
1237 1265 1457 1322 distulit
1486 1267 1583 1321 ille
1610 1265 1877 1337 superbos

498 1358 775 1430 Incmptus
805 1356 928 1413 miti
943 1356 1058 1428 jam
1081 1364 1201 1413 tum
1230 1372 1578 1429 compescere
1605 1356 1743 1425 fatu,

498 1447 724 1504 Talibus
751 1464 1052 1520 aggressus,
1084 1454 1303 1521 captato
1331 1454 1595 1520 tempore,
1629 1444 1814 1502 verbis
1843 1459 1860 1501 :

500 1537 637 1596 Cum
668 1547 721 1595 te
750 1539 1033 1596 frenandis
1064 1540 1308 1597 Romana
1344 1537 1619 1594 industria
1656 1535 1818 1593 terris

500 1627 770 1696 Praetulit,
802 1638 856 1686 et
885 1631 1075 1702 patriae
1104 1638 1421 1703 patremque
1446 1628 1750 1701 ducemque
1778 1624 2019 1692 tuendae,

499 1714 747 1773 Credidit
771 1733 885 1773 esse
915 1719 1099 1774 virum
1125 1735 1138 1785 ;
1170 1734 1272 1776 nec
1301 1734 1386 1774 res
1412 1725 1531 1773 tum
1565 1714 1798 1782 credita,
1829 1728 1962 1768 vero

498 1803 732 1861 Abstitit
763 1824 775 1863 :
806 1821 920 1862 esse
949 1807 1134 1864 virurr.
1169 1814 1223 1864 te
1251 1806 1491 1880 denique
1525 1807 1701 1864 multa
1729 1808 2029 1868 coarctant,

499 1893 639 1951 Cum
669 1894 864 1951 titulus
897 1898 1131 1968 generis,
1158 1903 1278 1951 tum
1314 1896 1498 1967 magni
1530 1896 1751 1951 culmen
1780 1890 2029 1957 honoris,

498 1981 589 2050 Et,
622 1983 769 2055 quod
796 1991 1094 2055 utrumque
1122 1985 1282 2055 regit,
1314 1983 1523 2038 divinis
1551 1981 1965 2039 accumulatum

497 2070 739 2142 Ingeniis
766 2078 975 2143 pectus,
1010 2087 1272 2143 mensque
1300 2071 1482 2126 omnis
1511 2071 1735 2127 conscia
1773 2067 1931 2126 recti.

497 2157 624 2215 Sola
651 2157 813 2215 virile
840 2158 1005 2216 decus
1034 2160 1230 2215 levitas
1257 2159 1535 2232 foedatque
1556 2159 1821 2232 fugatque
1847 2175 1860 2225 ;

498 2248 644 2317 Sola,
676 2248 924 2321 inquam,
957 2248 1176 2305 levitas.
1206 2248 1405 2303 Insano
1438 2247 1693 2321 proxima
1718 2245 1875 2303 testis

497 2341 869 2416 Abstirpanda
895 2342 1030 2412 suis,
1059 2359 1148 2413 en,
1180 2360 1306 2400 cum
1337 2342 1618 2399 radicibus
1649 2341 1831 2409 arbos,

498 2431 923 2507 Quamprimum
953 2433 1098 2505 potis
1127 2441 1228 2490 est.
1266 2435 1557 2492 Sectentur
1585 2432 1718 2489 talia
1743 2431 1866 2490 divi

497 2520 754 2579 Numinis
785 2529 1073 2595 expertes;
1124 2523 1275 2581 aliud
1334 2520 1450 2596 [B.,
1500 2539 1613 2579 non
1659 2520 1787 2596 ista]
1838 2519 2105 2594 professio

1804 2608 2032 2683 [nostrae

500 2698 826 2773 Relligionis
871 2706 1037 2769 amat,
1089 2716 1215 2757 cum
1266 2698 1389 2776 [ms.
1439 2701 1593 2770 Lob.,
1641 2698 1757 2774 cui]
1792 2698 1928 2772 quid
1952 2713 2106 2771 mage

1587 2787 1853 2862 [postulet
1879 2804 2031 2858 usus,

499 2878 777 2944 Quaerenti
808 2878 924 2932 sola
953 2878 1198 2933 occurrit
1224 2877 1511 2934 meditatio
1542 2879 1756 2934 mortis.

498 2967 672 3023 Multa
699 2967 813 3022 suis
835 2966 1075 3038 gravitas
1103 2966 1307 3021 meruit
1337 2967 1613 3038 praeconia
1639 2966 1815 3022 saeclis
1845 2983 1856 3020 :

496 3056 783 3114 Eximium
812 3056 943 3114 fecit
966 3056 1105 3113 levis
1133 3055 1508 3114 inconstantia
1542 3055 1781 3111 nullum.

496 3148 697 3207 Desine
729 3147 1004 3220 proclives
1035 3146 1387 3221 lubricosque
1416 3146 1485 3203 ad
1516 3147 1678 3204 devia
1716 3145 1869 3217 vulgi

498 3239 849 3311 Praecipitare
871 3238 1106 3294 animos.
1138 3238 1243 3294 Res
1272 3246 1352 3293 est
1385 3237 1670 3310 incognita
1699 3235 1843 3292 nulli
1871 3252 1883 3291 :

503 3326 770 3398 Crimina,
795 3343 915 3401 quae
946 3326 1161 3400 magnis
1193 3327 1512 3384 auctoribus
1549 3342 1648 3382 usa
1679 3323 1788 3398 [B.,
1830 3321 1972 3397 acta]
2002 3340 2103 3396 ge—

1784 3412 2033 3487 [runtur,.

495 3506 870 3582 Corrumpunt
897 3508 1101 3575 citius;
1132 3508 1419 3579 multoque
1457 3504 1763 3562 domestica
1792 3503 1965 3577 pejus,

493 3598 719 3656 Extima
770 3615 932 3673 quam
993 3604 1259 3670 serpunt;
1311 3594 1563 3650 homines
1610 3611 1735 3651 cum
1783 3601 1975 3665 sponte
2007 3608 2101 3648 se-

428 3758 439 3763 ,
1805 3686 2028 3755 [quaces

491 3777 915 3835 Prtemonstrata
934 3775 1139 3834 ducum
1172 3776 1394 3847 rapiunt
1426 3775 1680 3847 exempla
1709 3789 1957 3829 suorum.

490 3872 636 3944 Ergo
664 3887 783 3945 age,
813 3879 867 3927 et
890 3870 1132 3939 omissis,
1159 3887 1279 3943 quae
1306 3868 1513 3926 ludicra
1545 3884 1780 3940 cumque
1811 3873 2092 3940 putantur,

491 3962 537 4019 O
568 3970 829 4033 praestans
858 3961 1050 4029 animi,
1080 3959 1445 4032 complectere
1476 3959 1617 4015 seria
1642 3966 1880 4015 tantum.

489 4051 597 4106 Ista
622 4057 1034 4122 repraesentant,
1069 4049 1267 4124 quaarit
1297 4050 1606 4122 respublica
1638 4051 1878 4123 qualem,

490 4140 657 4214 Signa
684 4143 900 4211 virum;
943 4143 1076 4200 satis
1107 4144 1211 4199 ista
1250 4144 1443 4201 decent
1475 4144 1533 4199 in
1565 4142 1813 4217 principe
1842 4140 2018 4213 signa.

488 4231 698 4305 Saepius
728 4232 833 4289 ista
852 4234 957 4290 viri
989 4234 1187 4308 praesul
1218 4235 1464 4291 stillabat
1493 4234 1550 4289 in
1584 4250 1768 4289 aurem
1800 4252 1813 4302 ;

488 4323 587 4379 Ille
617 4323 727 4378 levi
755 4323 894 4380 ferre
926 4325 968 4391 δ,
999 4332 1053 4381 et
1079 4324 1279 4397 coeptis
1310 4325 1513 4380 instare
1542 4324 1827 4395 superbis:

493 4413 654 4469 Irrita
680 4430 808 4469 nam
835 4415 1036 4470 celeres
1065 4414 1350 4488 rapiebant
1378 4413 1566 4470 omnia
1586 4412 1758 4469 venti.

558 4499 646 4557 30.
679 4501 839 4559 Certa
874 4503 982 4558 fuit
1002 4503 1201 4559 Juveni
1233 4502 1450 4559 visendi
1481 4502 1686 4574 praedia
1716 4501 1948 4575 quadam

487 4588 656 4647 Causa
688 4591 815 4660 die;
849 4592 1007 4664 cujus
1027 4591 1248 4648 tandem
1285 4608 1602 4664 progressus
1641 4592 1708 4648 ab
1734 4591 1869 4647 urbe

486 4678 704 4736 Obtulit
729 4687 970 4752 optatam
1001 4680 1146 4735 votis
1166 4696 1385 4754 quoque
1406 4681 1659 4753 praesulis
1688 4680 1915 4737 horam:

487 4768 665 4840 thue
694 4777 809 4824 erat
835 4767 891 4823 in
922 4768 1147 4824 Domini
1179 4770 1358 4826 solum
1385 4770 1600 4827 deﬁxus
1626 4786 1832 4837 amore,

483 4858 692 4931 Perque
714 4856 817 4915 hoc
846 4856 1074 4914 humani
1105 4868 1455 4933 contemptor
1474 4859 1598 4931 jure
1629 4859 1869 4922 timoris,

482 4945 671 5003 Ascito
701 4946 842 5004 sacri
873 4948 1285 5021 quamprimum
1321 4949 1500 5005 milite
1524 4947 1657 5005 cleri

483 5036 725 5094 Ridiculi
762 5036 1026 5109 gerulam,
1058 5038 1411 5111 capitumque
1442 5036 1683 5092 immane
1707 5035 1943 5091 feracem

483 5125 748 5183 Arborem
782 5126 934 5196 adit;
966 5136 1281 5202 quantoque
1313 5136 1491 5200 potest
1520 5126 1774 5184 insistere
1799 5124 1977 5199 jussu,

482 5216 737 5291 Praecipit
764 5217 979 5274 inflicto
1010 5234 1205 5274 caesam
1236 5216 1595 5290 procumbere
1624 5216 1795 5273 ferro.

482 5303 798 5363 Caedentum
829 5314 1101 5364 tremuere
1130 5321 1347 5374 manus,
1380 5305 1677 5380 pavidique
1710 5306 1951 5363 verenda

550 5549 571 5575 ιι
608 5528 828 5585 Scilicet
856 5531 911 5586 S.
949 5531 1231 5589 Germani.

551 5597 576 5636 δ
603 5598 728 5654 Levi
761 5598 926 5671 ferre,
981 5618 1078 5675 pro
1118 5602 1265 5675 ﬂocci
1317 5602 1510 5676 facere.
1561 5602 1721 5663 Hunc
1757 5618 1976 5662 versum
2003 5601 2087 5663 sic

1483 199 1726 260 HERICI
1763 201 2086 262 MONACHI
2124 201 2787 265 ANTISSIODORENSIS

3674 212 3815 271 1148

2128 363 2179 423 Α
2208 360 2487 432 Majestate
2515 359 2692 429 ducis,
2733 359 2780 421 si
2809 358 3009 417 robora
3027 359 3193 418 chara
3221 359 3476 433 ferirent,

2212 451 2275 507 In
2304 466 2403 506 sua
2426 449 2716 506 vertendas
2755 448 3070 507 metuebant
3094 451 3238 507 colla
3266 467 3508 510 secures.

2215 538 2455 597 Caesores
2484 538 2697 612 trepido
2727 547 2950 596 sanctus
2978 548 3200 612 torpore
3230 550 3494 614 paventes

2213 629 2283 685 Ut
2312 628 2475 699 vidit,
2508 638 2722 701 raptam
2748 631 2958 702 primus
2986 637 3201 686 tentare
3232 630 3529 703 bipennem

2212 721 2414 790 Ausus,
2448 728 2501 776 et
2528 720 2730 793 injecto
2758 722 3018 778 violanda
3048 722 3108 779 in
3137 721 3337 778 robora
3366 723 3538 793 ferro,

2212 811 2330 867 Iam
2362 819 2606 867 vestrum
2648 828 2815 867 nemo
2844 811 3063 869 dubitet
3092 810 3395 880 succidere,
3428 812 3597 869 dixit.

2212 901 2274 956 In
2302 908 2464 973 caput
2492 900 2598 958 hoc
2623 917 2799 957 unum
2829 917 2993 958 noxae
3024 907 3313 973 reputatur
3335 901 3490 973 origo
3516 920 3528 958 :

2210 989 2410 1059 Dicite,
2443 1007 2529 1047 me
2560 991 2750 1047 fecisse
2780 989 2956 1047 nefas.
2999 990 3114 1046 Hoc
3144 990 3365 1062 inquit:
3399 998 3455 1045 et
3492 990 3677 1047 omnis

2212 1079 2401 1135 Paruit
2438 1079 2706 1153 imperiis,
2736 1079 2867 1136 licet
2900 1079 3156 1136 insecura
3189 1079 3306 1152 (B.,
3340 1079 3595 1153 quamvis
3636 1080 3822 1137 male-

3235 1170 3469 1245 [cauta),
3497 1172 3751 1244 jubentis

2214 1261 2415 1319 Turba.
2447 1262 2617 1320 Sonat
2649 1261 2857 1319 crebris
2885 1263 3063 1320 accisa
3091 1261 3430 1335 bipennibus
3455 1262 3640 1331 arbos,

2214 1355 2432 1427 Ictaque
2455 1354 2550 1410 dat
2579 1355 2848 1426 gemitus:
2893 1360 2947 1409 et
2972 1370 3097 1409 cum
3129 1353 3429 1410 durissima
3465 1354 3634 1422 ferro,

2215 1442 2459 1500 Pondere
2487 1451 2607 1499 tum
2654 1443 2875 1515 proprio
2921 1443 3090 1509 victa,
3121 1442 3513 1516 occubuitque,
3567 1443 3815 1517 ruitque.

2218 1534 2356 1591 Tum
2383 1534 2624 1609 primum
2654 1534 2880 1591 admisit
2909 1534 3076 1590 solari
3109 1550 3339 1591 munere
3369 1541 3515 1591 tacta

2215 1625 2445 1681 Subdita
2473 1634 2619 1682 terra
2643 1624 2790 1681 diem
2815 1642 2828 1691 ;
2862 1624 3027 1680 rebus
3058 1633 3175 1680 tum
3208 1624 3437 1697 praebita
3466 1623 3630 1680 vanis

2134 1740 2180 1799 Β
2216 1714 2431 1783 Interit,
2460 1722 2518 1770 et
2547 1714 2771 1770 meritos
2809 1712 2972 1769 arbor
2999 1713 3272 1769 conflatur
3301 1713 3357 1768 in
3386 1712 3564 1785 ignes.

2217 1804 2457 1876 Quaeque
2485 1804 2649 1859 afﬁxa
2677 1803 2775 1859 diu
2800 1802 3019 1859 fuerant
3047 1801 3238 1857 oscilla
3262 1800 3524 1869 ferarum,

2216 1894 2500 1951 Pontiﬁcis
2523 1893 2682 1966 jussu
2710 1900 2826 1949 tota
2853 1893 3140 1965 pelluntur
3167 1890 3235 1946 ab
3264 1889 3418 1945 urbe.

2218 1986 2343 2042 Hmc
2362 2000 2489 2040 rure
2516 1982 2752 2040 abducto
2782 1982 2986 2039 ﬁebant
3011 1981 3259 2055 principe
3288 1986 3506 2038 cuncta.

2287 2074 2375 2131 31.
2405 2076 2592 2141 Fama,
2622 2072 2759 2145 quid
2786 2072 2846 2127 in
2871 2072 3011 2129 coelo
3035 2088 3219 2128 rerum
3257 2072 3558 2144 pelagoque
3589 2078 3805 2143 geratur

2215 2166 2287 2221 Et
2323 2165 2538 2232 tellure,
2569 2163 2742 2232 videt,
2774 2162 2985 2235 totique
3022 2169 3104 2218 est
3129 2161 3350 2218 conscia
3379 2160 3592 2218 mundo
3617 2178 3633 2227 ;

2216 2256 2481 2331 Quodque
2522 2272 2753 2330 usquam
2803 2264 2903 2325 est,
2952 2262 3072 2313 toto
3102 2271 3415 2329 quanquam
3461 2256 3538 2312 sit
3582 2254 3651 2310 ab
3689 2253 3812 2310 orbe

3416 2345 3743 2420 [remotum,

2212 2436 2459 2511 Inspicit,
2491 2435 2659 2510 inque
2687 2453 2846 2494 cavas
2868 2445 3116 2510 penetrat
3143 2435 3395 2494 maleﬁda
3427 2436 3687 2493 latebras.

2213 2527 2414 2584 Omnia
2450 2542 2576 2583 cum
2599 2525 2817 2595 didicit,
2854 2543 2988 2583 mox
3017 2525 3278 2582 omnibus
3298 2526 3484 2582 omnia
3509 2523 3730 2598 pandit.

2212 2617 2304 2685 Et,
2330 2615 2460 2689 quia
2495 2615 2769 2672 dicentem
2800 2615 3049 2688 sequitur
3069 2616 3339 2672 nonnulla
3368 2621 3629 2671 venustas

2214 2706 2547 2774 Verborum,
2575 2705 2878 2779 crescitque
2906 2705 3068 2761 novis
3097 2703 3357 2761 facundia
3395 2702 3595 2773 causis,

2213 2796 2387 2853 Multa
2410 2795 2547 2852 ﬁdes
2576 2795 2662 2851 illi
2690 2796 2858 2867 vulgo
2888 2794 3165 2868 praebetur
3191 2794 3260 2850 ab
3289 2794 3464 2850 omni.

2213 2886 2334 2942 Non
2363 2902 2425 2942 ea
2452 2901 2566 2941 rem
2593 2886 2831 2942 clamore
2862 2885 3021 2957 gerit,
3056 2884 3151 2941 sed
3179 2900 3467 2940 murmure
3488 2882 3662 2950 vocis,

2213 2975 2407 3033 Nescio
2431 2974 2586 3048 quid,
2620 2992 2849 3033 raucum
2877 2984 2932 3032 et
2960 2991 3123 3047 grave
3151 2974 3467 3031 cornicatur
3503 2973 3693 3045 inepta
3717 2990 3731 3029 :

2214 3063 2366 3119 Mille
2389 3063 2561 3119 trahit
2590 3080 2775 3120 secum
2806 3079 3074 3132 rumores,
3107 3062 3261 3118 mille
3288 3078 3540 3119 susurros
3566 3078 3580 3116 :

2211 3153 2479 3226 Mistaque
2515 3170 2642 3210 cum
2670 3154 2817 3211 veris
2861 3156 3067 3227 pariter
3097 3169 3315 3226 quoque
3354 3152 3490 3208 falsa
3519 3160 3800 3223 geruntur.

2213 3242 2460 3316 Cumque
2491 3244 2652 3299 novis
2678 3260 2877 3300 vacuas
2908 3244 3099 3316 implet
3123 3242 3471 3300 sermonibus
3497 3256 3675 3310 auras,

2211 3333 2522 3392 Succedunt
2552 3335 2780 3393 comites
2808 3352 3210 3409 nonnunquam
3240 3334 3437 3407 gaudia
3459 3348 3644 3389 cassa:

2210 3425 2369 3482 Nunc
2396 3425 2565 3481 timor
2591 3442 2605 3493 ;
2638 3424 2917 3481 interdum
2949 3426 3129 3481 rabies
3156 3424 3339 3481 invisa
3369 3421 3607 3478 furoris:

2209 3514 2450 3571 Advolat
2470 3515 2589 3572 haec
2611 3515 2828 3588 juveni,
2865 3515 3065 3571 inﬂicti
3094 3514 3405 3589 praenuntia
3426 3509 3613 3567 damni
3644 3526 3656 3564 :

2209 3602 2440 3660 Arboris
2493 3621 2692 3661 occasu
2730 3611 3085 3678 spretumque
3121 3604 3323 3661 ducem
3372 3603 3666 3674 laesumque
3693 3599 3797 3654 tri-

2462 3695 2654 3770 [bunal
2689 3697 2806 3769 (B.,
2837 3704 3082 3768 spretum
3113 3696 3414 3767 laesumque
3443 3689 3730 3760 tribunal),

2206 3789 2279 3845 Et
2304 3788 2517 3846 sublata
2543 3790 2626 3845 sui
2659 3790 2909 3863 queritur
2934 3790 3076 3844 male
3098 3787 3230 3861 jura
3257 3785 3514 3852 timoris;

2204 3878 2316 3935 Nec
2342 3878 2458 3935 fore
2487 3895 2544 3935 se
2574 3879 2799 3951 posthac
2828 3877 2996 3935 ullius
3030 3878 3089 3933 in
3120 3877 3250 3934 orbe
3281 3874 3511 3946 vigoris,

2204 3968 2261 4026 Si
2303 3984 2416 4026 non
2461 3969 2676 4027 censori
2725 3969 2848 4046 [pro
2896 3968 3171 4044 censorii]
3206 3967 3321 4041 jam
3358 3974 3478 4023 tum
3513 3972 3796 4023 temerator

3474 4054 3729 4129 [honoris

2202 4148 2547 4222 Supplicium
2580 4148 2683 4206 toti
2715 4149 2917 4221 praesul
2951 4147 3283 4222 dependeret
3311 4145 3462 4203 urbi.

2203 4238 2446 4310 Occupat
2477 4238 2554 4293 ira
2597 4237 2821 4304 virum;
2858 4252 3083 4310 seseque
3112 4236 3347 4293 ferocior
3374 4235 3516 4309 ipso,

2202 4328 2602 4399 Infremuitque
2641 4326 2854 4395 minax,
2890 4325 3170 4399 traxitque
3200 4341 3296 4397 per
3334 4339 3430 4380 ora
3466 4322 3758 4379 ruborem:

2205 4418 2274 4473 Ut
2303 4416 2490 4472 fremit
2514 4430 2638 4472 acer
2664 4431 2856 4488 equus,
2886 4431 3013 4472 cum
3042 4415 3272 4470 Martius
3303 4429 3409 4470 aere
3443 4426 3643 4470 canoro

2124 4479 2172 4538 θ
2206 4506 2370 4578 Signa
2396 4513 2581 4562 movet
2608 4479 2853 4573 tubicen,
2877 4518 3181 4577 pugnaeque
3202 4502 3439 4559 insumit
3468 4502 3587 4573 (B.,
3615 4499 3795 4556 incen-

3300 4590 3430 4665 [dit)
3460 4604 3722 4646 amorem.

2196 4690 2319 4746 Non
2349 4689 2509 4747 illum
2541 4689 2721 4764 magni
2755 4687 3062 4746 reverentia
3092 4687 3473 4760 pontiﬁcatus,

2197 4781 2319 4838 Non
2346 4789 2547 4837 sanctae
2576 4778 2798 4835 cohibet
2825 4786 3103 4851 respectus
3127 4777 3414 4849 religionis
3439 4794 3452 4833 :

2198 4869 2490 4926 Absistunt
2525 4869 2698 4925 oculis
2736 4877 2969 4937 rectum,
2998 4868 3299 4942 pietasque,
3334 4864 3653 4939 pudorque:

2197 4962 2375 5016 Torva
2400 4959 2557 5028 furit,
2586 4968 2883 5032 sanctoque
2912 4976 3098 5016 necem
3134 4958 3436 5014 meditatur
3474 4956 3721 5029 iniquam

2196 5054 2398 5109 Dirus:
2432 5060 2505 5122 et,
2539 5053 2583 5110 Ο
2612 5051 2771 5121 socii,
2805 5052 3100 5110 lectissima
3134 5058 3379 5123 pectora,
3411 5046 3579 5111 dixit,

2197 5142 2545 5216 Praecipitem
2575 5141 2727 5199 hunc
2743 5141 2937 5215 rapite,
2966 5148 3020 5196 et
3042 5139 3256 5196 meritis
3273 5135 3590 5196 sontissima
3618 5130 3793 5206 penis

2195 5233 2438 5289 Membra
2464 5232 2610 5302 date,
2641 5232 2941 5306 stygiaeque
2976 5246 3127 5287 reum
3160 5227 3441 5285 demittite
3472 5224 3658 5281 morti.

2195 5323 2425 5393 Sentiat,
2455 5339 2570 5381 esse
2596 5324 2765 5381 viros.
2792 5323 2883 5382 Sic
2913 5324 3094 5380 fatus:
3132 5330 3186 5378 et
3212 5321 3395 5378 acrior
3434 5320 3539 5387 ira,

2196 5538 2371 5587 mutat
2404 5530 2502 5587 Ms.
2534 5529 2788 5586 Belfortii
2818 5545 2830 5584 :

2264 5619 2489 5659 TALIBUS
2522 5617 2673 5658 BAUD
2701 5617 2922 5661 MONITIS
2945 5613 3156 5659 VENARI
3187 5612 3443 5655 DESTITIT
3467 5611 3611 5653 ιιως.
