4056 6190
261 274 399 336 1149

254 430 428 487 Arma
463 438 678 504 parent,
711 443 1012 508 coeantque
1047 434 1246 492 animis
1279 433 1337 490 in
1364 425 1560 508 praelia
1588 427 1743 506 totis,

254 517 444 574 Edicit
472 518 656 576 sociis.
689 519 807 576 Neu
836 523 989 594 plebs
1017 522 1231 579 obstare
1264 519 1469 579 furenti

252 607 462 676 Posset,
496 615 550 662 et
578 607 833 666 obductis
858 612 1067 667 aditum
1093 612 1382 669 defendere
1410 611 1604 686 portis,

252 697 500 770 Occupat
528 698 771 770 ignaram
802 702 1074 774 congestis
1107 702 1320 760 viribus
1349 703 1561 760 urbem.

323 788 413 848 32.
455 787 706 859 Sanctus,
755 797 816 846 ut
863 794 1073 849 accensi
1130 802 1408 868 comperta
1454 804 1535 852 est
1583 795 1848 869 principis

1612 885 1738 959 [ira,

247 973 463 1044 Martyr
497 979 560 1028 ut
591 971 878 1029 emeritam
911 974 1208 1030 certamine
1237 989 1451 1030 sumere
1478 975 1737 1048 palmam,

247 1064 429 1136 thue
459 1063 542 1119 sui
573 1065 748 1136 possit
771 1063 1026 1135 perfundi
1058 1064 1208 1120 fonte
1237 1065 1471 1132 cruoris,

246 1154 415 1226 Optat
439 1171 452 1221 ;
489 1161 543 1210 et
571 1153 846 1226 intrepido
870 1153 1157 1227 profundit
1185 1153 1318 1209 talia
1345 1155 1506 1210 vultu
1535 1173 1547 1212 :

245 1243 405 1311 Quod
435 1244 567 1301 satis
599 1252 698 1312 est,
733 1260 1002 1316 supraque
1032 1245 1184 1310 satis,
1217 1245 1326 1300 huc
1365 1245 1610 1301 viximus
1637 1261 1841 1319 usque:

243 1336 404 1393 Nunc
431 1335 626 1392 faciem
655 1342 935 1407 penetrare
963 1335 1119 1408 cupit
1146 1353 1272 1394 cum
1305 1337 1530 1409 spiritus
1559 1337 1775 1406 ardens,

245 1425 485 1493 Christe,
522 1434 694 1493 tuam,
726 1426 999 1499 taadetque
1037 1426 1164 1494 vise,
1199 1427 1470 1499 taedetque
1500 1425 1733 1483 laboris:
1765 1479 1772 1486 .

242 1513 362 1581 Qua
391 1514 645 1570 breviora
680 1521 867 1587 patent
897 1515 1032 1572 recti
1065 1516 1387 1588 compendia
1416 1516 1592 1584 callis,

243 1603 327 1658 Ire
352 1601 511 1674 juvat
537 1620 549 1659 :
590 1603 684 1658 via
721 1603 794 1659 sit
823 1603 1053 1676 trepidis
1083 1604 1251 1661 nimis
1288 1605 1458 1661 ardua
1487 1620 1802 1679 quanquam
1828 1623 1841 1672 ;

245 1693 497 1749 Sidereos
523 1709 750 1765 propere
777 1693 998 1750 dabitur
1025 1695 1344 1768 contingere
1373 1712 1613 1768 campos,

245 1781 541 1854 Sanguinis
569 1782 728 1838 effusi
759 1783 805 1839 si
840 1800 941 1839 nos
974 1784 1202 1857 vestigia
1228 1785 1450 1841 ducant.

251 1871 506 1943 Martyrii
531 1871 757 1926 titulum
785 1871 954 1928 tensis
981 1873 1401 1945 complectimur
1426 1875 1594 1942 ulnis,

243 1961 319 2016 Et
348 1969 538 2033 sponte
566 1961 877 2033 expetimus
899 1961 1184 2032 pulchram
1213 1980 1309 2034 per
1329 1964 1559 2019 vulnera
1589 1971 1843 2020 mortem.

241 2049 328 2105 Tu
359 2050 522 2106 modo
552 2067 652 2106 nos
681 2050 906 2122 dignare
933 2057 1030 2105 tuo
1060 2067 1158 2122 pro
1192 2051 1416 2107 nomine
1445 2059 1628 2108 testes.

241 2141 371 2197 Haec
401 2140 612 2206 dicens,
644 2139 999 2212 animumque
1029 2139 1172 2206 neci,
1205 2142 1522 2214 collumque
1552 2142 1776 2214 parabat

237 2229 508 2287 Carniﬁci
535 2247 546 2284 :
579 2235 685 2284 stat
711 2228 821 2284 fixa
852 2228 974 2284 viro
1004 2230 1274 2286 sententia
1296 2231 1490 2287 mortis

238 2317 547 2390 Intrepido.
583 2317 706 2385 Sed,
741 2317 978 2386 Christe,
1007 2318 1118 2374 tuis
1149 2319 1514 2376 mundissima
1547 2319 1741 2376 castris

239 2408 392 2467 Lilia
433 2424 561 2465 cum
598 2406 688 2481 [Β.
727 2405 943 2480 juncta]
975 2409 1114 2465 rosis
1143 2410 1348 2482 pariter
1375 2409 1666 2466 candentia
1714 2426 1847 2466 ver-

1538 2498 1735 2572 [nant;

237 2588 355 2646 Nec
383 2594 435 2644 te
463 2587 717 2660 martyrii
747 2588 1056 2646 constantia
1078 2588 1193 2645 sola
1223 2595 1482 2657 meretur,

238 2679 356 2736 Nec
386 2679 506 2735 fuso
535 2679 825 2752 quisquam
851 2690 1064 2737 tantum
1097 2680 1168 2737 sit
1199 2681 1463 2752 sanguine
1488 2687 1736 2752 martyr;

240 2769 396 2842 Saepe
426 2769 589 2826 etiam
617 2771 808 2826 multis
838 2772 1047 2844 peperit
1069 2771 1156 2843 pia
1185 2771 1302 2826 vita
1332 2785 1590 2828 coronam
1617 2788 1630 2838 ;

241 2860 451 2932 Estque
479 2860 824 2915 sacerdotum
855 2861 1126 2917 confessio
1160 2858 1366 2916 munda
1395 2868 1618 2916 tuorum

241 2951 410 3007 Grata
437 2949 560 3020 tibi,
590 2966 725 3022 quos
747 2949 978 3022 iustitiae
1010 2950 1273 3023 perfectio
1304 2950 1491 3006 vestit.

241 3041 434 3114 Tuque
461 3041 617 3110 adeo,
649 3057 812 3114 quem
843 3057 996 3096 mens
1018 3041 1122 3096 atri
1146 3037 1466 3112 plenissima
1493 3037 1641 3093 fellis

1322 275 1415 338 DE
1462 255 1644 336 VITA
1682 277 1737 337 s.
1781 277 2122 344 GERMANI.
2163 315 2234 329 -
2274 286 2406 343 LIB.
2449 288 2491 346 1.

3407 299 3556 367 ,1150

1882 443 1931 503 Α
1961 437 2339 496 Fundamenta
2366 442 2503 512 solo,
2537 441 2784 516 geminos
2815 444 2920 500 fert
2968 445 3153 504 fabula
3183 449 3333 507 visos

1959 529 2157 586 Praalia
2180 530 2400 587 lascivis
2428 532 2695 604 agitantes
2724 535 2938 592 lusibus
2975 536 3182 595 haedos.

1959 619 2235 690 Auspiciis
2265 628 2476 677 veteres
2506 625 2708 679 assueti
2737 624 2975 698 denique
3007 627 3202 699 primis

1959 707 2190 764 Nomina
2211 708 2513 766 condendis
2543 713 2818 784 ponebant
2847 715 3077 772 urbibus
3113 717 3245 773 olim
3281 727 3324 774 '.

1961 799 2109 854 Hanc
2138 799 2377 870 primum
2409 802 2636 857 veniens
2668 803 2871 875 Alpino
2900 822 2930 860 a
2955 807 3163 862 vertice
3206 807 3404 876 Caesar,

1958 889 2111 945 Tunc
2139 905 2264 945 cum
2294 888 2577 946 barbarico
2607 890 2850 948 feritaret
2882 893 2996 967 [Β.,
3029 897 3327 970 suboleret]
3350 897 3527 956 Gallia

2193 977 2196 980 ”
3193 987 3350 1059 [ritu,

1955 1071 2170 1128 Ascivit
2196 1072 2419 1142 sociam,
2452 1074 2737 1146 gentisque
2773 1073 2830 1128 in
2865 1074 3071 1130 foedera
3103 1075 3278 1130 traxit

1956 1163 2253 1233 Romuleae,
2310 1165 2594 1236 sociosque
2642 1180 2814 1218 novos
2844 1165 3143 1238 fratresque
3175 1168 3400 1224 vocavit
3433 1168 3474 1237 ";

1957 1254 2127 1326 Inque
2155 1261 2316 1325 caput
2346 1253 2498 1325 regni
2530 1253 2826 1325 primatum
2859 1270 3071 1309 sumere
3106 1254 3292 1325 jussit.

1958 1343 2164 1401 Celtica
2190 1345 2362 1399 Roma
2390 1342 2517 1398 dein
2555 1343 2735 1399 voluit
2764 1345 3039 1416 coepitque
3077 1346 3269 1401 vocari
3291 1353 3330 1402 ⁸.

2029 1433 2117 1489 34.
2159 1432 2346 1490 Crevit
2376 1432 2637 1488 amicitiae
2677 1434 2878 1488 sensim
2911 1451 3006 1505 per
3034 1442 3282 1508 tempora
3309 1436 3512 1505 robur;

1956 1523 2098 1581 Urbs
2149 1538 2365 1595 quoque
2417 1529 2739 1596 provectum
2807 1523 3126 1596 meritisque
3200 1533 3252 1581 et
3324 1526 3549 1582 nomine

3165 1615 3443 1690 [sumpsit,

1956 1699 2406 1774 Augustidunum
2440 1701 2662 1758 demum
2694 1710 2956 1775 concepta
2995 1705 3177 1760 vocari
3208 1706 3246 1774 ",

1875 1805 1920 1863 B
1956 1793 2192 1864 Augusti
2225 1802 2468 1850 montem
2496 1795 2756 1850 transfert
2786 1796 2932 1868 quod
2964 1795 3168 1853 Celtica
3197 1798 3404 1872 lingua.

1955 1882 2074 1938 Non
2105 1881 2212 1938 fuit
2243 1883 2340 1938 illa
2370 1884 2521 1938 ferax
2545 1884 2766 1955 frugum
2798 1901 2892 1956 per
2924 1887 3120 1942 saecula
3150 1889 3333 1956 tellus,

1954 1969 2066 2027 Nec
2096 1969 2212 2043 [B.,
2245 1971 2390 2045 Non]
2423 1972 2684 2044 opulenta
2713 1973 2846 2029 satis
2871 1991 2882 2029 :
2916 1976 3146 2047 cingunt
3169 1994 3403 2050 namque
3431 1995 3550 2033 om-

3148 2056 3265 2137 [nia
3294 2067 3446 2122 silvm

1954 2149 2233 2207 Montibus
2262 2148 2614 2220 horricomis,
2644 2153 2960 2229 sterilisque
2989 2155 3056 2210 ad
3088 2158 3299 2214 semina
3339 2175 3548 2232 cespes,

1956 2237 2211 2296 Vomeris
2241 2237 2560 2311 impatiens,
2584 2242 2855 2313 curvique
2886 2243 3155 2301 immunis
3184 2247 3386 2316 aratri;

1956 2327 2028 2382 Et
2055 2334 2223 2380 vexat
2253 2324 2419 2381 duras
2447 2327 2574 2382 caeli
2611 2327 2968 2387 inclementia
3000 2341 3195 2391 terras.

1959 2416 2162 2473 Verum
2198 2417 2352 2471 nulla
2383 2416 2533 2472 viros
2564 2418 2728 2474 tellus
2758 2421 2930 2491 magis
2963 2425 3162 2479 extulit
3191 2428 3359 2484 armis

1956 2506 2284 2578 Prwcipuos,
2317 2505 2599 2578 animique
2631 2510 2802 2580 magis
2834 2510 2900 2565 ad
2928 2514 3116 2583 praelia
3143 2515 3291 2572 lecti.

1955 2599 2098 2669 Ergo
2132 2594 2228 2650 ubi
2267 2597 2466 2653 vicinae
2507 2600 2796 2671 praesensit
2851 2609 3098 2674 tempora
3139 2606 3331 2662 mortis

1954 2687 2184 2744 Sanctus
2215 2695 2267 2743 et
2297 2689 2531 2744 omnino
2560 2705 2778 2762 semper
2809 2695 3200 2751 memorandus
3225 2696 3476 2766 Amator,

1957 2775 2119 2833 Urbis
2145 2775 2214 2832 ad
2244 2776 2438 2836 edictae
2470 2795 2581 2835 non
2613 2779 2794 2853 segnis
2825 2783 3027 2838 moenia
3063 2783 3261 2842 tendit.

1957 2867 2138 2924 OfIicii
2163 2861 2434 2925 summam
2467 2871 2720 2927 servabat
2757 2871 2937 2927 Julius
2970 2874 3089 2929 illic
3116 2882 3156 2940 °,

1955 2958 2058 3016 Vir
2085 2969 2368 3031 praestans,
2402 2969 2455 3016 et
2477 2979 2601 3018 cum
2632 2963 2876 3034 praefecti
2909 2964 3153 3020 culmine
3187 2967 3388 3036 clarus,

1955 3047 2094 3102 Tum
2125 3048 2253 3104 fidei
2275 3066 2445 3121 purus
2475 3058 2713 3124 votoque
2749 3060 2803 3106 et
2845 3053 3070 3107 nomine
3100 3056 3300 3110 cultor.

241 3135 309 3192 In
338 3141 587 3191 sanctum
638 3147 862 3206 peccare
902 3141 1089 3189 monet
1122 3131 1248 3206 [al.,
1279 3131 1512 3204 movet],
1544 3130 1844 3186 SEBViSSimO
1882 3171 1923 3230 Ο
1955 3138 2200 3194 Antistes
2231 3156 2446 3212 quoque
2476 3147 2698 3196 sanctus
2735 3148 2848 3195 erat
2883 3141 3208 3212 Simplicius
3237 3142 3380 3210 illic,

1497 3238 1730 3291 rmceps,

1497 3238 1644 3279 rmce

240 3318 334 3375 Nil
367 3316 490 3383 tibi,
522 3318 623 3386 nil,
656 3326 786 3374 voto
824 3335 936 3375 non
974 3316 1297 3376 succedente
1328 3221 1591 3384 magno,
1649 3238 1682 3294 Ρ

243 3406 520 3464 Collatum
553 3407 754 3463 ducas:
788 3417 840 3463 et
871 3416 932 3463 tu
961 3405 1288 3478 quandoque
1337 3403 1555 3458 futurus

243 3497 403 3554 Certe
432 3498 631 3568 praesul
654 3495 762 3550 eris
798 3502 916 3550 toto
946 3492 1270 3548 notissimus
1299 3491 1448 3546 orbe.

239 3583 471 3639 Arbiter
501 3590 738 3639 aeternus
759 3578 1085 3650 jamdudum
1115 3576 1354 3649 praesciit
1380 3575 1546 3645 istud,

237 3673 353 3730 Nec
382 3672 517 3730 sinit
548 3668 783 3725 insontis
812 3668 1005 3724 foedari
1036 3668 1196 3724 sorde
1228 3667 1438 3724 cruoris

236 3760 532 3817 Praescitas
563 3758 630 3814 ad
661 3773 812 3814 sacra
843 3773 1056 3826 manus,
1090 3758 1363 3815 medicina
1383 3758 1618 3815 salubris

235 3851 347 3907 Per
374 3865 507 3923 quas
537 3849 856 3904 innumeros
884 3848 1103 3904 ﬂuxura
1132 3856 1358 3921 putatur
1385 3847 1453 3904 ad
1483 3865 1672 3921 aegros.

851 3969 1078 4026 CAPUT
1145 3970 1241 4025 III.

239 4070 509 4128 Revelatio
542 4070 598 4126 S.
627 4069 876 4124 Amatori
904 4069 1141 4140 facta.dc
1171 4085 1264 4124 suo
1285 4068 1448 4135 obitu,
1470 4075 1516 4123 et
1535 4070 1848 4126 successione

319 4141 590 4223 Ger_mani,
639 4140 897 4212 hujusque
952 4140 1218 4197 conversio
1268 4147 1314 4195 et
1368 4141 1630 4195 mirabilis
1689 4143 1848 4197 ordi—

313 4221 482 4270 natio.

315 4319 402 4377 33.
435 4319 641 4376 Praesul
669 4327 730 4375 ut
769 4318 1053 4374 emeritam
1079 4317 1252 4374 multo
1279 4319 1580 4376 certamine
1607 4322 1846 4394 palmam

244 4411 516 4479 Sumeret,
547 4417 859 4482 assumptus
886 4408 1066 4464 divini
1098 4408 1158 4464 in
1188 4416 1338 4479 parte
1376 4419 1617 4478 senatus,

245 4501 482 4572 Tempus
519 4506 654 4567 erat,
689 4498 953 4571 licuitque
981 4498 1103 4552 viro
1131 4497 1452 4568 praediscere
1481 4506 1697 4570 tempus
1723 4518 1735 4557 :

244 4590 420 4658 Quive
459 4590 601 4645 foret
626 4588 766 4646 sacri
797 4594 919 4660 post
948 4604 1004 4644 se
1034 4602 1312 4643 successor
1337 4585 1564 4643 honoris

244 4679 553 4752 lnspirante
592 4683 728 4749 Deo,
758 4687 812 4735 et
842 4680 1017 4753 plebis
1046 4685 1273 4735 curante
1301 4678 1557 4745 salutem,

245 4769 385 4826 Urbs
409 4771 635 4844 antiqua
664 4770 792 4836 fuit,
832 4777 950 4826 toto
981 4768 1337 4826 celeberrima
1367 4768 1596 4836 mundo,

243 4859 427 4918 IEdua
454 4861 601 4919 dicta
628 4861 800 4934 prius.
833 4860 1100 4917 Primaria
1129 4876 1254 4917 cum
1281 4858 1600 4932 jacerentur

313 5047 336 5073 ι
377 5035 525 5091 Mera
555 5034 672 5093 haec
697 5044 779 5092 est
810 5035 1029 5091 fabula:
1066 5048 1243 5104 neque
1268 5032 1415 5088 enim
1440 5032 1573 5104 urbi
1602 5031 1844 5104 Celticze,

241 5113 534 5179 antequam
565 5108 840 5179 Romanos
875 5102 1375 5179 novissetfnomen
1405 5103 1473 5157 ab
1503 5103 1660 5158 haedo
1691 5102 1848 5158 Lati-

239 5175 599 5251 num—datum
630 5178 800 5251 fuisse
840 5175 1104 5251 credibile
1136 5181 1254 5251 est._
1351 5243 1366 5251 _
1637 5242 1647 5251 .

313 5269 338 5304 δ
378 5252 495 5306 lmo
525 5249 629 5306 hoc
650 5249 746 5304 diu
763 5247 1036 5304 anteJulii
1060 5245 1287 5303 Caesaris
1304 5243 1604 5300 adventum
1635 5242 1693 5296 in
1714 5242 1852 5297 Gal-

157 5315 164 5320 ’
246 5320 344 5377 lias
390 5321 686 5393 contigisse
728 5318 970 5376 ostendit
1001 5316 1256 5393 Yalesius
1286 5316 1342 5371 in
1387 5315 1594 5393 notitia
1615 5313 1849 5393 Gall._in

240 5385 624 5465 Augustodu'no
654 5393 980 5465 ίΕάιιοιο-ιιπῃ.
1023 5389 1192 5457 Negat
1224 5403 1364 5465 vero
1385 5386 1531 5464 idem
1563 5385 1853 5465 Augusto-

243 5455 393 5537 duno
433 5465 611 5537 ullum
655 5479 899 5537 unquam
943 5455 1546 5537 jusmetropoliticum
1596 5455 1765 5537 fuisse
1795 5455 1852 5510 in

243 5535 380 5614 alias
422 5526 768 5614 provincias,
796 5551 859 5592 ac
916 5526 985 5588 ne
1043 5531 1102 5586 in
1153 5526 1575 5604 Lugdunensem
1606 5526 1848 5599 quidem.

244 5605 388 5664 Vide
419 5605 587 5673 infra,
619 5614 743 5662 not.
789 5617 832 5662 ⁸.

317 5690 339 5716 ο
378 5669 610 5744 Quando
645 5687 826 5735 autem
854 5682 948 5732 aut
987 5691 1018 5730 a
1052 5673 1251 5748 quibus
1295 5669 1656 5744 scriptoribus
1688 5675 1853 5742 caput

1876 4541 1924 4598 D

1951 3229 2132 3301 Magni
2162 3229 2251 3283 vir
2282 3229 2484 3296 meriti,
2521 3230 2810 3300 magnique
2861 3229 3118 3286 minister
3148 3231 3398 3288 honoris.

1953 3319 2257 3392 Iunctaque
2289 3318 2539 3390 pontiﬁci
2582 3319 2777 3388 regalis
2801 3319 2927 3390 jure
2958 3327 3217 3392 potestas,

1955 3410 2312 3466 Commissam
2353 3409 2574 3482 paribus
2606 3408 2816 3480 plebem
2842 3409 3089 3464 frenabat
3127 3410 3356 3466 habenis
3390 3430 3401 3468 :

1955 3500 2057 3556 Hic
2081 3499 2351 3554 tumidam
2383 3498 2558 3569 rigida
2585 3505 2799 3570 gentem
2831 3499 3045 3555 ditione
3078 3501 3358 3572 premebat
3391 3519 3403 3567 ;

1954 3589 2051 3645 Ille
2079 3588 2350 3645 salutiferi
2381 3588 2653 3644 formabat
2678 3603 2905 3644 munere
2937 3588 3113 3646 verbi.

2025 3679 2112 3736 35.
2145 3678 2456 3734 Adventare
2486 3679 2666 3734 virum
2700 3678 2919 3749 praesul,
2961 3695 3267 3751 praesesque
3319 3678 3548 3734 beatum

1955 3767 2027 3824 Ut
2055 3784 2302 3836 sensere;
2337 3775 2548 3839 parant,
2581 3767 2780 3823 turmis
2803 3767 2935 3824 hinc
2966 3767 3094 3823 inde
3127 3769 3334 3824 coactis

1955 3858 2027 3914 Et
2054 3859 2187 3915 cleri
2217 3866 2269 3914 et
2300 3858 2507 3931 populi,
2542 3858 2786 3914 venienti
2817 3874 3101 3913 occurrere
3132 3866 3320 3913 sancto
3348 3877 3360 3925 ;

1955 3948 2367 4021 Excipiuntque
2397 3947 2578 4003 virum
2607 3967 2617 4004 :
2654 3947 2802 4004 dicta
2828 3956 3152 4021 acceptaque
3191 3949 3386 4016 salute,

1956 4038 2017 4093 In
2048 4037 2316 4109 gremium
2352 4038 2558 4095 duxere
2587 4055 2698 4096 suae
2737 4038 3056 4094 solemniter
3085 4037 3259 4097 urbis.

1957 4125 2184 4182 Noctem
2217 4127 2427 4183 laetitiae
2453 4127 2696 4182 tribuere
2726 4135 2778 4181 et
2812 4128 3065 4184 laudibus
3099 4128 3274 4184 illam.

1955 4219 2132 4291 thue
2153 4219 2287 4289 vigil
2320 4217 2497 4272 nitido
2528 4219 2763 4272 rutilans
2793 4219 3046 4273 disclusit
3079 4219 3146 4272 ab
3177 4207 3304 4276 ortu

1956 4308 2262 4380 Purpureas
2291 4323 2487 4362 aurora
2519 4306 2685 4372 fores,
2721 4304 3006 4377 stellisque
3037 4304 3261 4374 fugatis,

1955 4396 2175 4454 Lucifer
2204 4404 2408 4454 exactae
2440 4396 2569 4451 fecit
2598 4394 2926 4450 discrimina
2954 4393 3158 4461 noctis,

1955 4487 2210 4543 Praesidis
2239 4486 2307 4542 ad
2337 4487 2543 4542 celsum
2572 4501 2629 4540 se
2657 4500 2877 4557 pergere
2906 4483 3049 4540 velle
3080 4482 3350 4547 tribunal,

1959 4579 2160 4634 Praesul
2190 4577 2287 4646 ait,
2313 4584 2674 4650 properatque
2705 4575 2851 4630 viam
2881 4593 2892 4630 :
2927 4575 3036 4629 fert
3064 4573 3264 4628 obvius
3294 4573 3379 4627 illi

1960 4669 2057 4724 Ille
2109 4668 2357 4740 gradum,
2399 4666 2727 4740 quantisque
2757 4671 2936 4737 potest
2965 4669 3216 4720 sanctum
3249 4668 3542 4717 veneratur

1958 4758 2266 4830 Obsequiis,
2308 4756 2618 4830 humilique
2646 4756 2784 4829 petit
2819 4753 3137 4811 benedicier
3184 4768 3298 4808 ore.

1959 4848 2113 4905 Tunc
2146 4848 2261 4904 voti
2293 4863 2556 4920 compos:
2593 4846 2848 4920 pratoria
2887 4844 3044 4902 ducit
3080 4843 3139 4899 in
3169 4842 3300 4899 alta.

1960 5019 2134 5090 gentis
2162 5020 2471 5077 xEduorum
2511 5020 2722 5076 dictum
2767 5025 2847 5090 est
2887 5015 3093 5073 Celtica
3121 5009 3328 5070 Roma?
3359 5009 3438 5062 Ita
3460 5021 3549 5062 ne-

1961 5089 2353 5164 gandoqumrit
2385 5093 2590 5150 ibidem
2622 5089 2894 5148 Valesius.
2985 5157 3001 5164 Δ
3096 5154 3129 5164 η
3258 5151 3271 5164 ,
3405 5150 3430 5164 ﬂ
3478 5149 3510 5159 ,,

2026 5160 2047 5188 ⁴
2086 5150 2189 5218 ΑΗ
2219 5166 2464 5236 Angusto
2508 5164 2697 5236 igitur,
2757 5179 2787 5216 a
2825 5175 2932 5231 quo
2976 5154 3210 5236 forsitan
3249 5150 3546 5236 beneﬁciis

1960 5239 2180 5308 auctum
2218 5229 2329 5293 aut“
2357 5229 2613 5308 operibus
2652 5229 2978 5308 exornatum
3021 5234 3191 5308 erat,“
3212 5232 3329 5308 etna
3364 5229 3550 5276 monte

1962 5304 2167 5382 vicino,
2202 5295 2895 5382 Augusiodunumnpmen
2915 5295 3431 5382 latino-Gallicum
3459 5309 3550 5350 ac-

1961 5381 2106 5446 cepit
2139 5371 2165 5435 ξ’
2192 5371 2358 5450 vulgo
2389 5375 2876 5450 AutunnYalesius
2905 5371 3033 5450 ibid.
3090 5439 3099 5449 .
3141 5439 3174 5450 Α

2032 5439 2053 5480 δ
2091 5439 2326 5508 Videtur
2364 5458 2580 5520 putasse
2612 5447 2840 5503 Hericus
2861 5439 3104 5520 praefecti
3136 5439 3443 5520 Galliarum
3472 5454 3552 5494 se-

1961 5525 2085 5579 dem
2109 5511 2443 5579 ordinariam
2466 5520 2631 5575 fuisse
2652 5511 3038 5591 Augustoduni
3062 5528 3156 5584 per
3186 5511 3303 5568 haec
3333 5518 3553 5591 tempo-

1963 5613 2040 5651 ra.
2095 5595 2235 5650 Hinc
2283 5592 2472 5647 urbem
2513 5591 2686 5656 illam,
2720 5583 2948 5658 o'pinor,
2992 5583 3150 5657 caput
3195 5583 3344 5654 regni
3389 5583 3552 5654 paulo

1965 5673 2090 5723 ante
2117 5664 2394 5724 vocitabat
2420 5681 2432 5731 ;
2465 5662 2560 5719 sed
2590 5661 2694 5718 hoc
2723 5659 2922 5715 falsum
2951 5673 3064 5716 esse
3095 5662 3335 5714 constat.
