4056 6190
518 250 652 311 1151

515 401 733 470 Coram,
762 416 883 474 qua
910 400 1099 470 vellet,
1129 416 1256 458 cum
1285 401 1429 459 facta
1456 410 1539 461 est
1567 404 1725 476 copia
1756 403 1933 475 fandi,

516 492 741 549 Talibus
769 491 1083 563 aggreditur
1112 511 1123 549 :
1157 491 1361 562 Nolim,
1386 492 1533 566 quod
1562 494 1840 564 venimus,
1896 496 2103 570 inquit,

515 581 736 639 Eventu
765 581 902 637 reris
928 589 966 650 ⁸,
1000 582 1087 637 vir
1114 582 1584 655 praestantissime,
1616 584 1823 641 factum
1850 603 1862 642 :

515 669 667 726 Seria
694 686 779 726 res
801 678 1127 744 tantumque
1150 672 1277 741 via,
1307 679 1631 746 tantumque
1659 673 1867 731 laboris

428 782 435 788 ·
515 761 740 817 Sumere
764 777 865 817 nos
894 762 1132 818 monuit.
1158 763 1424 819 Decessus
1450 770 1700 836 tempora
1723 764 1899 820 nostri

517 852 788 911 Conditor
805 853 1091 923 accelerat,
1125 855 1375 926 gravium
1411 857 1722 930 molemque
1746 857 1995 916 laborum

513 942 651 999 Fine
682 944 847 1012 levat,
878 944 1114 1017 ﬁnisque
1138 944 1284 1001 diem
1315 946 1639 1019 praediscere
1661 948 1851 1005 donat.

514 1033 625 1089 Nec
652 1040 1073 1111 tam‘suprema
1099 1050 1217 1091 sors
1235 1044 1290 1091 et
1318 1035 1527 1092 vicinia
1565 1037 1781 1106 mortis,

514 1121 687 1188 Quam
717 1139 818 1179 nos
851 1140 983 1179 cura
1012 1124 1090 1195 pii
1129 1131 1252 1196 post
1288 1142 1389 1181 nos
1419 1125 1667 1198 percellit
1710 1128 1898 1186 ovilis.

514 1211 585 1266 Et
614 1210 742 1282 quia
770 1213 1184 1284 magnanimum
1213 1229 1325 1269 non
1355 1221 1435 1270 est
1460 1231 1755 1289 permagna
1783 1218 2030 1278 virorum

514 1301 706 1373 Copia,
742 1301 866 1374 quis
894 1310 1094 1360 sancta
1126 1305 1403 1363 committi
1433 1308 1678 1379 regmina
1712 1311 1890 1382 plebis

513 1393 540 1448 ,ἶ
547 1408 640 1448 ure
669 1400 895 1466 queant,
925 1411 989 1450 ac
1016 1394 1193 1451 multa
1219 1412 1369 1468 seges
1407 1398 1647 1472 fortique
1675 1399 1931 1475 bonoque

514 1480 731 1555 Indiget
759 1481 998 1555 agricola
1021 1502 1035 1553 ;
1069 1500 1154 1541 res
1188 1492 1269 1541 est
1299 1501 1423 1559 qua
1451 1488 1693 1545 maxime
1725 1490 1841 1561 (B.,
1867 1507 1954 1549 me
1971 1493 2101 1549 Iler-

1555 1577 1725 1653 [cule)
1758 1589 1997 1639 vestram

512 1661 697 1717 Poscit
724 1677 915 1735 opem;
950 1663 1171 1735 quando
1196 1663 1412 1737 injussu
1441 1683 1555 1724 non
1580 1670 1847 1745 principis
1877 1672 2029 1728 illam

511 1744 696 1802 Moliri
725 1749 873 1820 potis
899 1757 981 1806 est
1010 1770 1022 1807 :
1056 1758 1273 1808 tantum
1303 1753 1411 1809 fert
1441 1764 1621 1814 vestra
1648 1744 1862 1816 deceris

511 1832 783 1905 Majestas,
812 1835 1041 1911 ipsoque
1068 1856 1169 1897 suo
1205 1842 1271 1899 ﬁt
1310 1843 1553 1917 pondere
1582 1844 1778 1918 pluris.

512 1922 737 1982 Summa
784 1927 865 1984 rei
916 1936 998 1986 est
1040 1946 1053 1987 :
1090 1931 1332 2004 petimus
1378 1934 1516 2005 (non
1563 1951 1853 2009 aspernare
1905 1948 2105 2009 peten-

1836 2025 1995 2101 item)

510 2101 782 2159 Germano
811 2102 975 2161 liceat
1000 2105 1129 2163 ﬂavi
1157 2107 1447 2180 decerpere
1466 2110 1640 2168 crinis

509 2191 797 2249 Casariem
821 2211 833 2249 :
868 2210 963 2251 vas
989 2195 1085 2252 ille
1113 2199 1227 2254 Deo
1258 2199 1572 2274 lectumque
1591 2218 1925 2278 sacrumque

507 2281 707 2342 Usibus
754 2284 1015 2342 Ecclesia
1065 2285 1182 2360 [B.,
1236 2304 1298 2345 ac
1327 2290 1556 2367 pariter]
1603 2294 1803 2351 studiis
1831 2296 2104 2358 conducet

1699 2384 1991 2460 [honestis.

576 2465 663 2526 36.
700 2466 943 2541 Diriguit
970 2468 1218 2526 novitate
1248 2470 1349 2541 rei,
1383 2474 1736 2549 multumque
1767 2486 2098 2552 retractans,

508 2556 832 2630 Quanquam
859 2556 1024 2627 dixit,
1054 2566 1171 2616 erat
1196 2575 1364 2632 regno
1406 2563 1754 2635 gratissimus
1784 2570 1942 2627 omni
1966 2589 1980 2639 ;

504 2644 726 2701 Divinis
754 2644 996 2703 humana
1026 2648 1179 2704 nefas
1210 2650 1467 2720 praferre
1491 2662 1774 2726 putamus.

504 2733 773 2802 Quocirca
806 2736 974 2809 quod,
1004 2736 1171 2795 ﬂante
1195 2740 1327 2808 Deo,
1360 2746 1658 2815 pranoscis
1681 2747 1977 2819 agendum,

506 2824 763 2881 Accelera
787 2843 800 2882 :
825 2826 1006 2882 oﬂicio
1043 2845 1154 2883 non
1175 2828 1568 2892 defraudabere
1596 2847 1804 2897 nostro.

504 2909 648 2965 Voto
677 2913 998 2983 perfruitus,
1030 2924 1329 2989 notamque
1368 2923 1571 2980 relatus
1605 2926 1674 2982 ad
1699 2928 1914 2998 urbem,

502 2996 701 3071 Ampla
729 3016 826 3073 per
855 3002 1096 3061 ecclesia
1126 3004 1451 3064 solemniter
1494 3012 1634 3067 atria
1662 3015 1877 3085 plebem

503 3087 654 3143 Stare
676 3088 837 3161 jubet
864 3100 1144 3162 cunctam,
1178 3105 1431 3170 catuque
1459 3116 1530 3155 ex
1559 3117 1712 3158 more
1734 3112 1947 3175 coacto,

498 3180 670 3253 Inque
700 3197 873 3238 unum
902 3186 1120 3245 cunctis
1148 3188 1323 3245 aciem
1345 3192 1720 3264 tendentibus,
1753 3195 1878 3254 inﬁt
1914 3215 1926 3254 :

498 3270 716 3328 Fratres
740 3279 795 3329 et
820 3272 947 3344 ﬁlii,
991 3276 1210 3333 sudoris
1238 3279 1464 3350 pramia
1494 3283 1692 3353 nostri,

498 3358 709 3417 Sumite
742 3377 881 3432 rem,
912 3364 1147 3423 modicis
1170 3366 1338 3424 liceat
1370 3386 1534 3442 quam
1564 3387 1818 3444 promere
1857 3378 2042 3437 verbis
2070 3398 2083 3438 :

495 3448 624 3506 Post
652 3449 904 3510 inﬁnitos
941 3454 1171 3512 immani
1200 3459 1344 3514 mole
1374 3459 1589 3519 labores

496 3539 673 3599 Rebus
703 3542 762 3598 in
789 3544 1057 3616 angustis,
1105 3562 1242 3619 quos
1272 3547 1381 3606 huc
1411 3550 1771 3613 toleravimus
1799 3573 2009 3633 usque;

495 3629 623 3687 Post
642 3632 1007 3692 inconstantis
1034 3650 1319 3706 permensa
1347 3639 1633 3699 volumina
1662 3644 1827 3715 vitae;

494 3720 622 3777 Post
642 3722 826 3793 gravis
846 3722 1031 3778 exsilii
1061 3738 1175 3780 non
1219 3726 1380 3784 mitia
1418 3730 1658 3801 pondera
1689 3735 1831 3794 fesso

493 3809 693 3882 Optato
722 3812 954 3885 patriam
980 3813 1219 3872 donatur
1244 3832 1467 3876 cernere
1491 3838 1699 3882 veram.

490 3899 562 3956 Et
593 3916 907 3975 quanquam
936 3904 1117 3961 carnis
1146 3914 1424 3977 gratamur
1452 3912 1713 3984 compede
1738 3917 1904 3986 solvi,

490 3987 730 4062 Spiritus
766 3998 828 4046 ut
859 3990 1080 4048 Christo
1123 4003 1399 4052 mereatur
1421 3997 1547 4070 jure
1571 4016 1753 4058 coesse
1777 4022 1792 4074 ;

490 4077 674 4132 Anxia
702 4094 833 4135 cura
860 4086 1046 4137 tamen
1076 4084 1252 4140 nostri
1278 4102 1379 4143 nos
1413 4091 1567 4163 angit
1607 4093 1793 4153 ovilis.

489 4167 634 4238 Ergo
663 4169 824 4260 agite,
855 4178 909 4228 et
932 4173 1069 4231 tanti
1100 4175 1468 4251 inspectantes
1492 4185 1670 4244 millia
1709 4205 1789 4247 cm
1802 4196 1906 4260 tus,

488 4258 750 4317 Ecclesia
779 4261 1007 4336 dignum
1044 4274 1166 4338 post
1196 4284 1282 4325 me
1311 4271 1524 4342 signate
1551 4258 1896 4346 magistrum.

487 4350 937 4427 Omnibusgaque
964 4354 1101 4411 viris
1132 4371 1303 4412 unum
1336 4362 1638 4430 praponite
1662 4367 1897 4438 cunctis,

484 4439 660 4510 Fruge
689 4441 961 4498 salutiferi
995 4450 1145 4500 certo
1175 4443 1270 4517 qui
1292 4452 1537 4519 tempore
1561 4450 1717 4508 verbi

483 4526 729 4586 Suﬂiciat
758 4531 957 4588 vestris
993 4548 1262 4607 propensa
1289 4534 1466 4593 diaria
1494 4541 1717 4600 mensis.

483 4614 777 4673 Obticuere
801 4634 993 4675 omnes
1025 4638 1037 4676 :
1069 4636 1186 4677 rem
1231 4631 1447 4681 tantum
1479 4636 1696 4700 pectore
1725 4645 1965 4693 versant.

481 4707 601 4767 Ille.
642 4709 724 4763 rei
756 4710 955 4767 melius
983 4712 1074 4768 cui
1102 4712 1230 4771 ﬁnis
1259 4723 1313 4771 et
1344 4716 1480 4773 ordo
1512 4721 1749 4792 patebat,

480 4794 701 4852 Limina
724 4796 793 4851 ad
822 4798 1065 4857 ecclesia
1094 4817 1343 4875 gressum
1372 4805 1653 4884 ﬂectitque
1682 4812 1944 4889 citatque.

551 4882 639 4940 37.
672 4884 1027 4943 Prosecuitur
1050 4890 1205 4962 plebs
1234 4898 1352 4950 tota
1384 4882 1590 4966 virum,
1626 4882 1928 4976 templique
1964 4922 2073 4978 pa-

1810 4992 2003 5050 rabant

1810 5008 1857 5047 ra

480 5064 614 5121 Cum
641 5072 832 5123 sancto
861 5075 1149 5141 penetrare
1174 5070 1321 5129 fores
1346 5090 1359 5129 :
1394 5073 1731 5135 instantibus
1761 4990 1857 5137 ille

479 5154 722 5225 Restitit,
755 5172 818 5213 ac
844 5157 1061 5230 placido
1087 5169 1318 5220 cunctos
1344 5161 1599 5223 affamine
1622 5168 1885 5240 mulcens,

485 5244 665 5304 Oﬂicii
698 5257 800 5317 est,
843 5241 1010 5322 dixit,
1049 5254 1276 5329 votique
1305 5256 1364 5313 in
1392 5259 1594 5318 sacula
1623 5264 1822 5334 nostri,

481 5333 736 5393 Divinam
769 5356 964 5398 curare
990 5341 1239 5414 domum,
1273 5347 1531 5422 pacisque
1572 5333 1859 5411 ministros

550 5498 567 5518 '
604 5491 797 5552 Modus
826 5495 1165 5556 indicativus
1188 5516 1285 5573 pro
1315 5501 1596 5575 subjunct.

1508 247 1748 307 HERICI
1785 249 2109 309 MONACHI
2148 249 2808 310 ANTISSIODORENSIS

3644 298 3649 301 ι
3684 262 3823 326 1152

2134 408 2185 466 Α
2214 405 2420 463 Ordine
2457 413 2648 479 pacato
2676 404 2887 463 divinis
2916 405 3207 464 admittere
3237 408 3434 479 tectis;

2215 497 2288 550 At
2316 513 2454 570 quos
2483 497 2650 554 cadis
2684 513 2839 552 amor
2866 497 3109 581 bellique
3139 499 3335 555 insana
3365 502 3573 574 cupido

2215 586 2548 655 Instimulat,
2601 586 2734 642 totis
2767 586 3178 659 quamprimum
3208 605 3394 647 arcere
3422 594 3681 652 sacellis:

2215 675 2458 732 Obtentu
2486 675 2746 750 quoniam
2777 676 2920 734 facta
2951 684 3035 732 est
3072 676 3273 734 domus
3304 679 3409 736 ista
3444 684 3713 756 precandi
3738 705 3754 755 ;

2212 767 2334 823 Non
2364 773 2425 822 ut
2451 767 2635 823 vesani
2664 774 2883 839 praestet
2909 768 3226 840 spectacula
3255 769 3465 830 Martis.

2212 859 2357 930 Ergo
2383 865 2443 914 ut
2480 859 2786 931 magniﬁcis
2813 860 3079 915 interiore
3109 863 3470 918 sacramentis

2212 945 2383 1019 Copia
2407 948 2606 1021 cuique
2640 948 2736 1003 ﬁat
2782 946 2893 1020 [B.,
2937 946 3077 1021 ﬁet],
3130 948 3258 1004 telis
3296 949 3551 1024 ferroque
3582 956 3828 1030 maligno

2211 1037 2519 1093 Exonerate
2560 1052 2774 1094 manus.
2814 1036 3014 1104 Dixit;
3049 1053 3153 1093 nec
3183 1036 3368 1095 dicere
3400 1047 3613 1114 tempus

2211 1124 2375 1182 Plura
2400 1127 2531 1183 tulit
2563 1144 2574 1182 :
2616 1127 2797 1198 posito
2826 1143 2954 1183 nam
2985 1128 3177 1183 cuncti
3211 1128 3450 1200 pondere
3485 1131 3645 1202 ferri,

2210 1215 2355 1271 Ense
2393 1215 2560 1285 latus,
2586 1215 2883 1289 jaculoque
2911 1233 3110 1274 manus
3138 1218 3476 1293 solvuntque
3506 1222 3825 1301 levantque.

2213 1307 2422 1365 Collisu
2453 1326 2731 1365 armorum
2762 1310 2929 1366 tellus
2957 1309 3206 1382 subjecta
3241 1311 3495 1369 retinnit.

2211 1398 2301 1455 Sic
2324 1400 2722 1471 praecedentem
2748 1401 2943 1473 templi
2973 1402 3030 1457 in
3059 1404 3363 1475 penetralia
3392 1415 3672 1479 sanctum,

2211 1489 2370 1546 Plebs
2399 1497 2480 1546 est
2509 1490 2629 1546 nisa
2663 1489 2838 1563 sequi.
2874 1491 3059 1546 Posita
3081 1490 3196 1562 jam
3229 1494 3411 1551 fronte
3444 1496 3673 1568 minaci,

2210 1585 2436 1641 Nescius
2464 1585 2693 1658 ingenii,
2726 1585 2964 1661 provisae
2989 1589 3208 1645 nescius
3237 1591 3392 1660 artis,

2210 1675 2336 1730 Dux
2365 1674 2571 1744 aderat,
2596 1675 2914 1749 primusque
2943 1677 3094 1733 subit
3121 1695 3133 1733 :
3167 1679 3248 1735 sic
3277 1683 3520 1753 postulat
3551 1685 3713 1742 ordo.

2140 1770 2184 1831 Β
2214 1767 2416 1823 Praesul
2447 1767 2700 1840 sepositis
2728 1768 3061 1825 Germanum
3092 1779 3156 1827 ut
3185 1773 3459 1844 conspicit
3482 1778 3674 1845 armis,

2219 1856 2476 1913 Fortibus
2503 1857 2702 1914 arctari
2732 1859 2924 1931 templi
2949 1858 3107 1930 jubet
3135 1861 3278 1917 ostia
3306 1863 3587 1922 claustris.

2218 1946 2307 2002 Fit
2334 1945 2483 2002 dicto
2507 1946 2691 2016 citius,
2724 1948 3009 2004 mandarat
3039 1950 3185 2021 quod
3218 1951 3556 2013 faciendum.

2216 2031 2351 2098 Quis
2378 2033 2505 2103 tibi,
2535 2051 2730 2106 magne
2761 2035 2891 2105 Leo,
2925 2038 3172 2093 cernenti
3203 2040 3337 2097 talia
3365 2043 3603 2102 vultus?

2215 2121 2345 2189 Qua
2373 2123 2478 2179 tibi
2506 2133 2624 2181 tum
2656 2133 2818 2198 capto
2847 2128 3085 2199 primum
3113 2131 3389 2203 sententia
3419 2135 3575 2191 venit

2214 2210 2459 2268 Plurima
2486 2215 2785 2272 volventi?
2812 2215 2976 2274 Casso
3006 2218 3276 2277 conabere
3305 2231 3527 2280 cuncta.

2214 2298 2269 2355 Si
2298 2302 2491 2358 savire
2518 2303 2692 2374 voles,
2720 2321 2998 2363 armorum
3023 2309 3235 2380 spicula
3262 2309 3461 2368 desunt
3485 2331 3498 2380 ;

2213 2390 2341 2446 Sive
2368 2391 2495 2465 fuga
2522 2393 2654 2463 labi,
2693 2403 2841 2468 patet
2870 2396 2963 2453 hic
2994 2414 3107 2454 non
3140 2399 3326 2456 exitus
3362 2418 3614 2475 usquam.

2211 2481 2552 2540 Mansuescas
2594 2484 2813 2557 potius;
2854 2487 3028 2559 magis
3054 2487 3172 2545 hac
3199 2493 3470 2548 sententia
3500 2503 3745 2566 prastat,

2212 2571 2371 2628 Disce
2398 2574 2619 2647 patique
2651 2591 2895 2646 manum,
2927 2577 3201 2636 humanos
3238 2597 3341 2637 nec
3369 2583 3546 2656 eﬁ'uge
3586 2595 3767 2645 tactus
3794 2608 3805 2647 :

2211 2660 2437 2719 Mitibus
2470 2662 2682 2720 includi
2718 2666 2920 2741 pudeat
2957 2683 3070 2724 non
3099 2669 3338 2745 denique
3364 2675 3559 2731 caulis.

2210 2749 2314 2807 Res
2342 2750 2459 2809 hac
2486 2754 2786 2810 multorum
2819 2758 3096 2829 quondam
3127 2761 3497 2819 celebrabitur
3522 2781 3636 2834 ore,

2209 2839 2265 2896 Si
2295 2844 2575 2916 contingat
2609 2861 2739 2902 oves
2764 2846 2912 2903 inter
2939 2850 3199 2908 recubare
3228 2852 3465 2912 leonem.

2279 2931 2366 2988 38.
2408 2934 2677 3004 Antistes,
2710 2937 2850 2995 sacri
2890 2939 3226 2998 circumfuso
3261 2945 3477 3017 agmine
3511 2948 3663 3016 cleri,

2207 3021 2385 3094 Vique
2415 3039 2688 3097 manuque
2734 3026 2920 3083 virum
2958 3031 3170 3101 primus
3208 3034 3463 3105 pervadit
3515 3036 3804 3108 inermem,

2129 3138 2171 3198 ο
2205 3112 2398 3183 Magno
2424 3129 2617 3169 ausum
2642 3116 2918 3187 prabente
2946 3120 3058 3175 Deo
3085 3139 3099 3189 ;
3128 3121 3394 3197 cujusque
3426 3134 3620 3183 vocato

2198 3201 2454 3271 Nomine,
2486 3206 2713 3261 sublimi
2744 3206 2954 3264 crinem
2984 3209 3051 3266 de
3080 3212 3286 3269 vertice
3316 3231 3563 3287 carpens,

2198 3292 2576 3367 Mutatumque
2604 3296 2792 3352 animo
2823 3307 3041 3356 mutans
3072 3301 3398 3359 discrimine
3423 3307 3613 3372 vestis,

2197 3382 2517 3438 Promotum
2551 3384 2708 3456 jubet
2735 3404 2851 3444 esse
2888 3389 3086 3462 gradus
3122 3391 3182 3449 in
3222 3393 3433 3451 honore
3470 3398 3694 3455 secundi
3726 3401 3750 3437 δ
3783 3420 3795 3465 ;

2196 3470 2509 3529 Sollicitum
2553 3475 2684 3531 satis
2722 3492 2838 3534 esse
2877 3494 3125 3549 monens,
3158 3483 3467 3559 pignusque
3517 3497 3796 3561 receptum

2194 3560 2371 3617 Illasa
2407 3579 2625 3621 servare
2654 3566 2796 3635 ﬁde;
2831 3569 2975 3641 quod
3006 3573 3261 3642 protinus
3291 3575 3469 3648 ipsum

2194 3650 2369 3708 Sciret
2398 3653 2458 3709 in
2488 3655 2731 3712 ecclesia
2763 3665 2886 3730 post
2915 3674 2970 3715 se
3000 3659 3116 3717 fore
3148 3665 3393 3736 regmine
3421 3668 3682 3740 primum,

2193 3743 2582 3819 Haredemque
2613 3748 2741 3816 loci,
2774 3766 3252 3826 successoremque
3294 3759 3562 3830 magistri.

2261 3832 2485 3903 Discite,
2519 3835 2788 3906 doctores,
2823 3838 3277 3917 decretorumque
3313 3846 3553 3916 datores,

2191 3922 2546 3997 Pastoresque
2567 3928 2743 3998 gregis
2775 3928 2894 3996 (sed
2922 3932 3084 3988 multi
3115 3935 3341 3991 nomine
3372 3944 3611 4012 tantum)

2188 4011 2421 4085 Mystica
2453 4014 2545 4086 qui
2578 4014 2809 4073 rudibus
2838 4019 3112 4076 committi
3144 4038 3301 4095 posse
3330 4029 3542 4097 negatis

2189 4103 2539 4161 Sacramenta
2565 4106 2664 4162 Dei
2698 4107 2915 4178 (verum
2938 4104 3040 4165 ne'c
3065 4109 3124 4165 id
3154 4127 3268 4168 esse
3291 4118 3577 4190 negamus)

2084 4216 2089 4222 ε
2188 4193 2393 4250 Discite
2421 4192 2651 4266 Spiritui
2678 4195 2773 4251 sed
2795 4212 2894 4253 vos
2923 4198 3248 4259 submittere
3277 4212 3466 4262 sancto
3490 4225 3503 4272 ;

2189 4283 2359 4356 Cujus
2387 4303 2523 4359 opus
2557 4288 2648 4345 lex
2686 4298 2789 4359 est,
2821 4298 2876 4347 et
2905 4291 3245 4365 dispensatio
3274 4314 3506 4355 norma:

2187 4378 2368 4450 Atque
2394 4379 2491 4435 ubi
2519 4380 2660 4450 vult,
2692 4382 2865 4454 spirat
2897 4402 2910 4452 ;
2958 4387 3220 4457 quoniam
3248 4389 3496 4463 Nataque
3533 4390 3791 4466 Patrique

2106 4503 2156 4562 Β
2187 4465 2465 4537 Majestate
2502 4470 2619 4541 pari
2650 4474 3023 4531 communicat
3057 4493 3068 4532 :
3112 4476 3280 4550 inque
3311 4476 3558 4537 docendo

2184 4555 2306 4610 Non
2334 4564 2453 4629 eget
2482 4558 2578 4614 ille
2607 4577 2762 4617 mora
2794 4581 2805 4618 :
2852 4564 3113 4636 quoniam
3146 4564 3413 4642 tetigisse,
3444 4570 3639 4629 docere
3668 4584 3788 4641 est;

2185 4643 2255 4700 Et
2284 4645 2542 4716 voluisse,
2574 4664 2766 4720 agere:
2809 4659 2863 4707 et
2893 4660 3090 4723 mutat,
3124 4672 3251 4712 cum
3283 4658 3523 4733 denique
3560 4661 3785 4719 lustrat.

2254 4734 2341 4792 39.
2382 4736 2567 4810 Longa
2608 4739 2698 4796 via
2751 4748 2851 4811 est,
2886 4741 2994 4799 iter
3026 4745 3260 4802 arduum
3295 4766 3309 4816 ;
3351 4748 3410 4805 id
3462 4758 3523 4807 ut
3572 4753 3689 4823 (8.,
3731 4752 3789 4809 id

2937 4830 3023 4905 [ut
3044 4834 3291 4908 tandem)
3314 4839 3671 4910 acceleretur,

2182 4913 2423 4971 Inﬁrmis
2450 4914 2729 4972 tardamur
2754 4920 2930 4992 equis,
2977 4922 3182 4996 quique
3213 4924 3424 4998 impetu
3464 4928 3642 4999 primo

2180 5005 2400 5061 Acriter
2437 5005 2717 5079 inceptum
2748 5019 3015 5082 peragunt
3045 5013 3145 5068 vix
3174 5015 3414 5090 denique
3446 5034 3668 5075 cursum
3699 5037 3712 5073 :

2182 5093 2337 5149 Velle
2367 5093 2573 5151 bonum
2595 5098 2857 5170 quoniam
2889 5101 3149 5172 retinent,
3182 5104 3278 5160 sed
3306 5121 3465 5177 posse
3492 5106 3785 5178 pusillum.

2180 5181 2436 5252 Consule,
2468 5185 2631 5243 chare
2659 5204 2861 5257 comes,
2895 5191 3152 5263 quocirca
3178 5192 3401 5267 illisque
3420 5195 3671 5269 tibique;

2178 5271 2571 5347 Digressusque
2596 5275 2782 5346 domo,
2814 5286 2985 5335 metas
3011 5279 3107 5337 hic
3137 5280 3291 5354 ﬁgite
3319 5284 3545 5356 primas.

2179 5361 2450 5434 Incepisse
2476 5364 2687 5438 aliquid
2709 5365 2826 5439 jam
2856 5384 2980 5442 pars
3009 5378 3092 5427 est
3112 5372 3381 5443 quantula
3414 5373 3566 5430 facti.

2251 5507 2275 5541 "
2312 5511 2374 5567 Id
2404 5521 2485 5569 est
2512 5516 2851 5588 presbyterii.
2883 5517 3011 5575 Not.
3046 5534 3179 5576 mss.

2033 5651 2098 5703 ..εἰ
2119 5658 2150 5703 εἰ
2172 5662 2246 5702 lu
