4074 6186
274 214 408 273 1153
1314 221 1409 278 DE
1449 222 1621 280 VITA
1659 221 1717 281 S.
1759 223 1883 282 GEF

1951 225 2100 283 ΪΑΝΙ.
2143 257 2214 269 -
2249 225 2384 284 LIB.
2428 228 2500 286 II.
3421 241 3560 302 1184

284 373 3557 417 —-——————————+—————————_—____.______________..._________

1394 512 1786 581 PREFACIO
1831 517 2032 581 LIBRI
2077 520 2424 599 SECUNDI,
3000 498 3009 509 ”
3450 475 3460 486 ι

1474 648 1707 724 Tunna.»
1733 650 2093 726 τιτραστοόφῳ
2125 646 2321 710 edita.

320 877 410 934 40.
453 876 668 934 Priscos
698 876 924 949 ingenui
953 895 1083 937 cura
1118 883 1384 954 poematis
1876 892 1925 951 Α
2026 888 2115 946 al.
2157 890 2396 963 Inceptis
2419 889 2636 963 placido
2665 891 2888 949 ﬂamine
2917 896 3172 961 cursibus

254 966 414 1024 Vates
441 981 568 1022 cum
600 974 810 1038 raperet
841 967 1069 1042 (quippe
1094 970 1346 1038 facetius,
1967 978 2183 1051 Aspira,
2206 986 2260 1035 et
2288 979 2478 1036 faciles
2498 997 2720 1052 suggere
2747 981 3020 1056 dactylos,

318 1057 547 1124 Purum,
581 1056 770 1125 molle,
799 1074 1087 1129 canorum,
2037 1068 2425 1142 Spondeosque
2453 1085 2697 1126 morosos
2729 1088 2741 1126 :

387 1146 533 1203 Olim
565 1145 803 1203 scribere
835 1149 954 1204 laus
984 1152 1124 1221 erat)
2107 1157 2354 1230 Namque
2376 1157 2495 1214 haec
2522 1158 2718 1230 copula
2746 1160 2970 1230 gratior.

255 1235 501 1293 thbeis
525 1236 735 1294 laribus
765 1246 892 1294 vota
922 1240 1165 1311 potentia
1964 1248 2039 1303 At
2066 1262 2176 1303 non
2204 1247 2489 1304 suﬂiciunt
2510 1247 2677 1303 verba
2705 1248 2953 1319 ﬂuentia,

254 1325 534 1394 ludebant,
564 1325 746 1383 solitis
776 1328 1178 1401 relligionibus,
2036 1334 2100 1391 Ni
2138 1333 2209 1389 sit
2237 1333 2492 1390 materies
2520 1335 2806 1407 splendida
2830 1337 3115 1409 carminis,

321 1416 502 1472 Musas
526 1416 649 1471 vela
679 1416 869 1473 futuro
2037 1424 2342 1496 Utrumque
2362 1424 2628 1496 approbat
2658 1441 2810 1495 usus,

384 1504 682 1562 Credentes
721 1506 850 1562 dare
881 1507 1135 1563 carmini.
2106 1510 2177 1566 Et
2205 1526 2305 1566 nos
2333 1519 2564 1583 utraque
2590 1513 2864 1585 poscimus
2888 1533 2901 1573 :

250 1593 481 1651 Centum
512 1594 741 1651 vocibus
769 1595 861 1652 hic
890 1613 984 1652 ora
1012 1598 1315 1670 crepantia,
1964 1599 2287 1675 Quanquam
2325 1609 2479 1659 tanta
2510 1603 2582 1659 sit
2602 1604 2738 1672 haec,
2760 1612 2980 1681 tamque
3006 1610 3264 1683 perclllua
3296 1630 3310 1679 ;

249 1685 348 1741 Hic
380 1684 595 1757 linguas
620 1687 877 1758 totidem,
909 1698 1098 1761 pectus
1128 1688 1423 1760 aheneum,
1965 1688 2033 1744 Ut
2064 1692 2254 1746 sensus
2291 1692 2491 1748 merito
2519 1710 2781 1767 mensque
2807 1696 3128 1769 perhorreat

321 1772 448 1831 Oris
477 1774 651 1831 ferrea
679 1777 906 1848 plectra,
2036 1780 2222 1838 Tantae
2254 1799 2482 1855 scrupea
2512 1784 2694 1855 molis,

395 1867 596 1924 Exibat
626 1866 950 1926 studiosius.
2103 1871 2285 1943 Atque
2311 1870 2518 1928 intacta
2547 1873 2833 1931 cacumina
2867 1894 2879 1932 :

243 1954 324 2012 Me
354 1958 578 2015 robusta
608 1959 762 2029 ﬁdes,
797 1978 951 2018 mens
978 1962 1120 2019 bene
1146 1962 1388 2033 credula,
1960 1957 2267 2016 Nonnullas
2290 1975 2482 2032 operas
2508 1962 2746 2032 postulat
2774 1972 3039 2035 attamen,

243 2046 536 2105 Diversum
566 2059 767 2122 petere,
797 2059 851 2108 et
880 2067 1010 2108 sane
1039 2050 1154 2125 [B.,
1187 2052 1416 2127 quippe]
1448 2053 1753 2124 decentius,
1963 2044 2023 2100 Ῑη
2055 2045 2210 2102 “ulls
2240 2047 2476 2103 Πανίαω
2505 2065 2697 2120 cogere
2725 2051 3031 2124 tursidum.

306 2134 391 2191 Ne
424 2137 605 2193 dicam
632 2139 962 2208 ofﬁciosum,
2034 2136 2266 2208 Campos
2302 2155 2429 2196 cum
2460 2156 2560 2211 per
2590 2149 2810 2213 apertos

386 2225 768 2298 Importunius
796 2229 1021 2285 excitat.
1882 2255 1925 2313 Β
2103 2225 2229 2281 sese
2261 2226 2427 2281 Ῑᾶῐίιιδ
2466 2229 2725 2299 explicat.

239 2312 281 2370 Ο
314 2314 423 2369 lux
451 2313 787 2387 terrigenum
816 2316 1095 2373 mentibus
1121 2318 1339 2376 addita!
1892 2312 1909 2313 ﬂ
1961 2314 2006 2370 0
2037 2315 2210 2370 nostri
2237 2316 2435 2373 validm
2463 2317 2743 2389 pontiﬁcis
2772 2334 2962 2377 cruces
2986 2321 2997 2376 ἲ

237 2403 282 2460 O
321 2404 581 2460 mirande
612 2406 780 2463 nimis
807 2406 1045 2479 Spiritus
1082 2408 1283 2465 artifex
1309 2410 1321 2465 l
1961 2404 2097 2473 Quis
2120 2422 2230 2461 non
2258 2406 2539 2462 sufﬁciunt
2569 2407 2754 2476 verba,
2791 2424 2985 2465 manus
3000 2427 3215 2487 quoque
3244 2430 3254 2469 :

306 2492 352 2549 Ο
398 2492 626 2563 largitor
654 2492 930 2550 honorum
957 2496 969 2551 l
2033 2494 2247 2550 Nedum
2278 2494 2478 2568 cuique
2507 2495 2762 2554 ferendas

387 2583 435 2639 Ο
466 2583 724 2641 facundia
759 2585 958 2643 fertilis
983 2587 994 2643 l
2106 2588 2232 2643 Ullo
2261 2588 2465 2645 fmdere
2494 2587 2756 2646 dixerim.

238 2670 394 2729 Olim
423 2672 731 2731 formiﬂuos
761 2677 856 2750 qui
888 2676 1076 2733 latices
1108 2693 1271 2751 super
1966 2670 2063 2728 His
2098 2672 2260 2745 ﬁgam
2282 2675 2575 2746 calamum,
2602 2684 2655 2732 te
2684 2682 2865 2732 tamen
2888 2676 3130 2750 auspice,

237 2762 541 2819 Portabare
572 2764 788 2835 fovens,
821 2765 1162 2823 formiﬁcans
1188 2782 1408 2841 quoque
1435 2784 1445 2823 :
1940 2761 2070 2825 .PI‘O
2101 2778 2208 2835 quo
2237 2773 2437 2822 cuncta
2463 2765 2683 2839 quidem
2714 2767 2943 2839 Pertulit
2972 2783 3181 2840 aspera,

313 2851 532 2910 Cuncta
560 2853 821 2911 informia
852 2872 1090 2929 namque
2036 2854 2146 2910 Nec
2165 2853 2271 2924 bis,
2302 2872 2406 2913 nec
2434 2857 2601 2913 semel
2627 2857 2720 2912 ille
2751 2875 2765 2925 ;

393 2943 630 2999 Exstant
660 2951 712 3001 te
742 2943 881 3014 sine,
915 2944 1202 3004 Conditor.
2107 2944 2233 3015 Sed,
2262 2962 2427 3019 quam
2447 2947 2582 3016 vita,
2614 2947 2885 3004 morosior
2914 2958 2952 3018 ',

315 3088 338 3115 ⁸
372 3078 544 3147 Quasi
573 3080 757 3138 dicat:
790 3082 913 3141 Non
939 3087 1062 3138 ante
1087 3080 1331 3138 cruciare
1355 3096 1407 3137 se
1432 3084 1644 3137 sanctus
1662 3075 1819 3136 desiit
1855 3094 2014 3150 quam
2044 3078 2233 3145 virere.

1484 3399 1759 3475 LIBER
1818 3400 2317 3478 SECUNDUS.

1690 3591 2120 3608 Μ

766 3697 995 3759 CAPUT
1030 3696 1324 3760 PRIMUM.
1885 3706 1928 3766 C
1958 3701 2291 3762 Germanum
2326 3701 2647 3777 ingeminat,
2680 3704 3012 3762 Germanum
3041 3704 3110 3762 ad
3129 3704 3308 3763 sidera
3346 3704 3517 3780 jactat

235 3802 301 3862 s,
333 3797 614 3857 Amatoris
639 3796 1136 3881 obitusisuccessio
1159 3801 1216 3881 s_.
1252 3799 1540 3870 Germani;
1572 3806 1619 3857 ει
1641 3799 1853 3859 initium
1963 3794 2188 3868 Quaque
2215 3796 2355 3851 feras
2382 3797 2593 3864 oculos,
2635 3811 2848 3869 quaque
2875 3810 3062 3853 aurem
3100 3795 3298 3853 ducere
3352 3804 3551 3865 tentes,

786 3872 907 3926 υξιω
935 3872 1328 3930 austerissimw.
1964 3884 2162 3942 Omnia
2183 3886 2395 3943 German

1964 3884 2162 3942 Omnia
2183 3886 2535 3943 Germanum.
2578 3885 2749 3942 Tanta
2776 3894 2856 3942 est
2882 3883 3176 3942 concordia
3205 3901 3456 3959 vocum“

313 3978 411 4035 42.
444 3977 692 4035 Moribus
715 3984 769 4033 et
800 3978 1011 4034 meritis
1038 3986 1313 4051 spectatus
1336 3979 1564 4035 Amator
1584 3980 1784 4051 opimis
2038 3974 2128 4029 43.
2160 3975 2332 4031 Multa
2360 3975 2642 4045 renitenti,
2672 3990 2835 4049 seque
2862 3972 3113 4047 abjurare
3143 3975 3386 4047 paranti,

233 4070 451 4129 Vivere
480 4070 571 4126 cui
601 4068 860 4126 Christus
889 4070 1017 4139 fuit,
1048 4079 1103 4127 et
1132 4088 1250 4129 sors
1275 4071 1475 4128 ultima
1504 4072 1747 4140 lucrum,
1966 4062 2146 4120 CiVile
2170 4062 2473 4119 instituunt
2501 4064 2729 4119 Prima“
2758 4063 2960 4119 inferre
2988 4062 3241 4120 duellum
3277 4082 3291 4130 ;

236 4159 540 4218 Virtutum
573 4160 770 4231 plenus
798 4159 997 4229 titulis,
1030 4162 1330 4235 plenusque
1359 4160 1595 4229 dierum,

1965 4151 2188 4222 Statque
2216 4150 2418 4206 animis
2447 4152 2683 4221 incoepta
2707 4153 2882 4223 sequi,
2913 4167 3015 4208 nec
3035 4152 3235 4208 ducere
3260 4168 3531 4226 quoquam

239 4251 502 4324 Coeperat
531 4256 839 4323 emeritam,
871 4254 1135 4313 sudorum
1166 4256 1409 4330 praemia,
1438 4256 1696 4328 palmam,

1964 4239 2251 4313 Proposita
2271 4238 2338 4295 de
2367 4246 2513 4296 sorte
2535 4238 2748 4309 pedem.
2773 4237 2917 4303 Quid
2946 4237 3094 4293 victa
3120 4246 3383 4308 potestas,

240 4342 551 4400 Candentis
578 4345 759 4417 specie
783 4347 1094 4404 transfusus
1114 4325 1184 4403 in
1198 4355 1344 4405 astra
1382 4325 1673 4405 columbas.
1965 4329 2111 4397 Quid
2138 4336 2332 4387 contra
2364 4328 2469 4385 Πίῑί
2501 4328 2831 4401 Ρορυιοῖαω
2852 4325 3221 4417 ωίῙῘίδᾼΡοεδθ-ίι
3244 4326 3273 4381 7

240 4432 390 4488 Tum
421 4448 552 4489 vero
583 4436 813 4507 populos
845 4436 904 4491 in
939 4453 1180 4493 consona
1206 4444 1336 4493 vota
1365 4443 1586 4492 ruentes

1965 4420 2110 4488 Quin
2138 4435 2456 4494 moremque
2486 4427 2653 4491 gerat,
2680 4430 2981 4490 superaque
3008 4414 3077 4471 ab
3094 4413 3220 4471 sede
3245 4415 3488 4487 profecta

241 4520 565 4594 Aspiceres,
587 4505 839 4595 spirante
867 4528 1016 4583 Deo:
1050 4534 1287 4599 namque
1315 4526 1536 4597 agmina
1563 4522 1695 4581 cieri
1964 4510 2227 4568 Instantis
2256 4511 2405 4567 norit
2434 4526 2651 4567 causam
2681 4505 2927 4599 prodisse
2956 4506 3161 4577 negoti.

239 4610 544 4668 Nobilibus
575 4625 826 4672 conserta
859 4625 1027 4674 ruunt
1052 4635 1065 4685 ;
1098 4596 1251 4690 plebs
1281 4596 1487 4673 rustica
1514 4612 1660 4686 plebi
1967 4690 2001 4694 _
2037 4600 2125 4657 44.
2156 4601 2212 4656 Si
2243 4617 2381 4694 quos
2408 4608 2671 4673 praeterea
2697 4613 2796 4671 pro
2816 4613 2873 4652 se
2903 4596 3131 4694 fortasse
3160 4601 3379 4666 pararat

245 4700 516 4759 Concinit
544 4702 768 4761 urbanae
800 4723 814 4774 ;
846 4723 947 4778 par
974 4694 1057 4764 est
1085 4684 1358 4764 sententia
1383 4704 1618 4771 cunctis,

1966 4690 2232 4747 Patronos
2265 4691 2449 4746 obices
2476 4707 2490 4758 ;
2516 4704 2698 4745 rerum
2730 4701 2862 4743 mox
2890 4684 3112 4743 cardine
3140 4699 3323 4755 verso,

243 4789 381 4849 Vox
412 4791 641 4859 eadem;
675 4775 985 4866 studiisque
1013 4793 1209 4850 ardent
1252 4793 1641 4852 communibus
1668 4806 1858 4848 omnes
1966 4777 2147 4876 §803il
2178 4780 2237 4835 ίῐι
2270 4779 2527 4876 adversa}.
2551 4776 2796 4876 allia-mm
2823 4775 3095 4876 ίξθρουθτξθ
3118 4783 3298 4876 Parias
3320 4791 3356 4876 ᾗ.

244 4879 528 4936 Germano
557 4880 787 4939 titulum
816 4864 1108 4941 decernere
1137 4884 1488 4955 pontiﬁcatus
1513 4900 1524 4938 :

1970 4869 2262 4941 Expertus,
2294 4883 2402 4941 qua
2422 4868 2563 4923 velle
2590 4866 2690 4923 Dei
2719 4875 2819 4937 est,
2849 4866 2960 4923 huc
2988 4872 3185 4923 caetera
3212 4864 3379 4922 ﬂecti.

241 4971 415 5026 Hunc
441 4972 605 5028 claris
636 4972 867 5040 meritis,
901 4973 1050 5031 hunc
1080 4973 1374 5029 nobilitate
1398 4970 1713 5045 legendum,

2037 4957 2125 5015 45.
2183 4958 2444 5030 Sumptus
2485 4956 2680 5026 honos,
2708 4972 2817 5012 non
2846 4964 3037 5030 sponte
3086 4956 3235 5045 licet,
3267 4956 3550 5025 factusque

239 5061 517 5133 Dogmata
545 5061 906 5134 praecipuum,
934 5078 1194 5135 generoso
1222 5069 1441 5134 pectore
1472 5060 1734 5133 primum,

1886 5072 1936 5131 Π
3135 5132 3147 5144 ⁸
3191 5040 3484 5143 [sacerdos,

239 5146 604 5222 Principibus
632 5158 850 5219 notum,
880 5157 935 5208 et
962 5152 1231 5208 nonnulla
1260 5159 1411 5223 parte
1438 5150 1762 5219 verendum,

1968 5136 2024 5194 Si
2064 5134 2198 5209 quid
2230 5145 2345 5194 erat
2373 5136 2604 5203 luteum,
2638 5134 2878 5208 prudens
2901 5134 3176 5191 convertit
3216 5134 3275 5187 in
3305 5147 3498 5188 aurum
3527 5147 3539 5198 ;

240 5238 490 5297 Cautum
518 5243 775 5300 consiliis
804 5242 936 5299 divo
968 5243 1035 5299 de
1065 5243 1218 5299 fonte
1248 5242 1453 5313 petitis.
1970 5231 2382 5324 έλιξειηθξιφξῑιιθ
2403 5226 2601 5299 gradus
2624 5225 2898 5281 νίηαιαιη
2925 5224 3084 5324 milia
3112 5223 3307 5324 Παξίί·

237 5328 425 5386 Multa
454 5332 564 5387 viri
594 5340 801 5391 castam
829 5333 1113 5392 cumulant
1142 5332 1416 5404 praeconia
1445 5328 1661 5386 laudem
1689 5347 1701 5387 :

1623 5347 1661 5386 ῃ
1689 5347 1701 5387 ε
1970 5315 2226 5373 Labentis
2256 5318 2587 5389 linquuntur
2610 5330 2743 5386 opes
2767 5323 2822 5373 et
2841 5315 3029 5370 munia
3055 5315 3232 5385 regni,

235 5419 539 5477 Materiem
570 5423 768 5482 merita
795 5425 904 5481 alta
932 5400 1169 5489 dabant}
1209 5436 1411 5494 perque
1437 5436 1532 5475 ora
1573 5421 1858 5476 volentum
1970 5406 2248 5478 Ῑλιιοΐθίῐιιθ
2274 5423 2398 5463 cum
2437 5406 2672 5477 Ροπιρίει
2704 5412 2759 5460 et
2782 5402 3052 5478 (ιιιίάίιιιίά
3096 5402 3282 5471 labile:
3322 5400 3560 5475 lapsum:

240 5506 448 5566 Libera
476 5520 674 5585 sponte
704 5513 882 5570 ﬂuunt
911 5512 1179 5570 sermonis
1208 5510 1418 5566 famina
1445 5509 1584 5566 veri.
1967 5507 2341 5581 Lapsurumve
2370 5512 2545 5577 putes,
2578 5519 2733 5561 mens
2751 5512 2834 5560 est
2859 5517 2923 5557 ea
2950 5499 3183 5573 pendere
3212 5498 3392 5558 ﬂocci.

237 5594 464 5671 Cuique
491 5602 643 5659 aliud
676 5619 789 5660 non
818 5610 917 5673 est,
947 5620 1047 5661 nec
1076 5608 1297 5675 praestat
1323 5600 1479 5673 copia
1507 5598 1680 5668 fandi,
1967 5596 2114 5664 Quin
2134 5601 2189 5652 et
2215 5601 2503 5668 paupertas
2529 5590 2725 5666 opibus
2757 5591 2980 5666 praelata
3006 5588 3254 5657 caducis,
