4074 6186
505 229 642 290 “55

500 375 779 449 Quidquid
809 375 878 431 ad
907 374 1180 431 humanos
1207 371 1362 426 licito
1385 375 1732 425 contraverat
1761 382 1910 432 usus,

500 469 603 541 Spe
635 466 831 522 melior
859 464 1029 521 aridis
1055 473 1072 492 ⁸
1101 463 1245 534 large
1266 459 1381 534 [B.,
1414 474 1581 514 manu
1612 454 1780 528 larga]
1805 453 2094 511 transfun—

1686 544 1788 616 [dit
1816 543 2020 616 egenis,

501 647 735 704 Instanti
767 650 1024 701 contenta
1051 639 1160 708 die,
1196 654 1297 694 nec
1325 635 1562 694 crastina
1583 651 1800 690 curans.

501 737 674 803 Uxor,
698 735 762 790 ad
789 734 1076 805 amplexus
1107 736 1320 784 tantum
1353 725 1618 781 ﬁdissima
1648 730 1824 780 castos

503 827 617 881 Hac
645 823 890 894 subjecta
919 829 1096 887 tenus,
1129 826 1330 874 sortem
1361 824 1442 872 est
1472 816 1528 870 in
1550 830 1705 868 versa
1733 810 1958 878 sororis,

503 915 793 974 leestem
829 911 1024 968 caelebs
1053 916 1240 966 sancto
1267 924 1392 962 cum
1415 904 1644 976 conjuge
1673 901 1848 958 vitam

502 1007 565 1061 In
596 1003 867 1076 reliquum
891 1001 1122 1058 ductura
1146 997 1312 1053 diem.
1352 993 1580 1050 Mutatio
1609 992 1742 1048 celsi

503 1096 632 1151 Haec
659 1092 767 1148 fuit
797 1093 892 1146 illa
923 1090 1056 1156 Dei;
1106 1088 1418 1146 confectum
1448 1092 1529 1141 est
1559 1097 1783 1138 munere
1813 1077 1989 1152 cujus,

503 1187 558 1242 Si
589 1187 806 1259 quando
830 1186 1022 1239 laevam
1053 1198 1181 1239 sana
1209 1180 1330 1252 quis
1361 1186 1541 1234 mente
1563 1191 1804 1250 perosus,

506 1277 739 1332 Pronior
771 1276 828 1330 in
851 1273 1099 1329 dextram
1133 1271 1318 1327 valido
1349 1268 1638 1325 conanime
1671 1267 1863 1322 fertur.

576 1365 664 1421 46.
698 1363 885 1420 Ardua
912 1361 1156 1420 currenti
1198 1359 1368 1416 moles
1397 1359 1455 1414 in
1486 1356 1728 1414 carmine
1758 1353 1952 1426 surgit,

503 1455 748 1513 Pondere
787 1463 943 1510 torva
969 1470 1103 1518 suo;
1140 1449 1285 1524 quod
1317 1465 1427 1504 non
1466 1455 1546 1502 est
1577 1454 1821 1517 tempore
1851 1443 1988 1511 visa,

504 1549 625 1605 Non
657 1546 846 1603 audita
873 1544 994 1600 rudi
1017 1563 1029 1612 ;
1063 1558 1264 1616 perque
1286 1541 1391 1598 hoc
1417 1537 1694 1610 incognita
1717 1534 1951 1602 cunctis,

505 1637 724 1696 Credita
751 1651 858 1692 non
884 1634 1118 1702 cunctis,
1151 1641 1356 1688 tentata
1376 1638 1457 1686 est
1485 1627 1721 1698 denique
1743 1623 1950 1696 paucis.

505 1729 743 1802 Spiritus
767 1729 929 1794 alme,
960 1726 1085 1781 veni
1120 1743 1132 1790 ;
1171 1739 1382 1796 quaque
1415 1719 1469 1775 id
1498 1719 1703 1774 virtute
1751 1711 1950 1802 dedisti

504 1800 624 1886 Quo
653 1825 832 1890 posset
863 1815 1000 1883 ﬁeri,
1033 1813 1101 1869 da
1129 1829 1277 1868 nunc
1302 1825 1518 1883 quoque
1549 1823 1703 1880 posse
1725 1800 1950 1876 profari.

505 1909 703 1965 Factus
727 1903 1012 1977 apostolici
1039 1918 1282 1974 compos,
1317 1908 1368 1956 et
1405 1914 1627 1967 compar
1654 1894 1765 1967 [B.,
1795 1906 2016 1962 compar
2045 1895 2098 1944 et

1467 1983 1717 2056 compos]
1749 1979 2026 2054 [honoris,

505 2083 679 2140 Duxit
715 2079 1070 2152 apostolicam
1103 2076 1261 2133 factis
1289 2084 1342 2131 et
1379 2074 1602 2129 nomine
1638 2072 1808 2127 vitam
1836 2088 1848 2128 :

506 2169 717 2228 Indixit
747 2184 865 2240 quas
888 2155 1022 2221 l'suae
1052 2181 1185 2221 mox
1213 2164 1382 2220 ardua
1438 2159 1625 2233 praelia
1651 2160 1824 2226 carni,

507 2263 870 2332 jEternasque
899 2271 1087 2314 cruces
1117 2254 1288 2309 animi
1331 2257 1641 2309 commenta
1663 2248 1859 2305 ferocis
1888 2283 1927 2312 ι..

575 2349 662 2408 47.
683 2350 771 2405 Ex
798 2362 906 2422 qua
933 2361 1169 2418 namque
1197 2344 1286 2400 die
1315 2342 1426 2399 dici
1455 2340 1705 2412 concepit
1727 2346 1780 2394 et
1821 2354 1935 2394 esse

508 2444 668 2501 Forte
701 2457 870 2506 sacer,
906 2445 1058 2495 tanta
1087 2451 1307 2494 carnem
1338 2433 1620 2505 impietate
1649 2430 1887 2502 subegit,

509 2536 582 2590 Os
611 2541 674 2590 ut
703 2532 770 2587 ab
792 2528 1130 2586 omnimodis
1159 2526 1291 2581 exin
1316 2523 1603 2581 secluserit
1623 2522 1779 2590 escis,

509 2623 644 2690 Quis
671 2621 894 2676 avidum
928 2619 1185 2674 affectant
1216 2616 1459 2670 humana
1486 2613 1711 2669 inventa
1741 2625 1986 2683 saporem
2015 2628 2026 2665 :

508 2713 629 2768 Non
661 2725 820 2765 usum
843 2706 1074 2776 Cereris,
1108 2721 1220 2761 non
1251 2721 1410 2761 usum
1431 2703 1667 2776 denique
1695 2700 1898 2758 Bacchi

509 2799 625 2854 Jam
656 2805 772 2852 tum
804 2798 889 2852 vel
924 2796 1084 2850 labiis
1112 2811 1300 2866 passus
1346 2794 1662 2863 contingere
1693 2789 1958 2856 summis;

509 2885 630 2940 Non
661 2886 865 2951 oleum,
900 2900 1009 2937 non
1040 2883 1136 2936 ille
1166 2883 1305 2936 cibis
1335 2881 1629 2952 insumpsit
1651 2887 1888 2947 acetum,

510 2974 630 3042 Quo
668 2974 787 3030 sine
845 2972 999 3028 nulla
1051 2971 1289 3043 placent,
1319 2977 1536 3025 exstant
1566 2969 1870 3025 lautissima
1921 2983 2104 3040 quan-

1810 3056 1995 3131 [quam
2013 3076 2024 3114 :

511 3156 789 3216 Praesiccis
818 3155 1048 3230 dapibus
1078 3155 1206 3213 salis
1230 3151 1547 3228 adjumenta
1575 3151 1814 3224 negavit.

581 3251 651 3308 48
676 3253 833 3308 Festa
862 3249 980 3305 dies
1005 3249 1167 3304 ferias
1196 3248 1241 3303 si
1270 3246 1490 3319 quando
1520 3243 1797 3301 indixerat
1823 3243 1965 3312 orbi,

511 3341 710 3399 Induto
739 3356 956 3396 carnem
993 3339 1171 3394 nitida
1199 3335 1266 3392 de
1295 3335 1524 3407 Virgine
1553 3333 1756 3401 Verbo,

509 3429 611 3488 Vel
643 3446 766 3485 cum
793 3437 1032 3486 tartareo
1061 3429 1240 3484 victor
1274 3425 1558 3481 redivivus
1604 3423 1672 3480 ab
1692 3441 1823 3482 orco

507 3520 727 3575 Extulit
757 3519 1010 3574 humanae
1027 3533 1212 3573 secum
1242 3515 1450 3570 vexilla
1492 3513 1705 3583 salutis,

507 3608 736 3680 Singula
765 3608 1028 3663 solemnis
1058 3623 1156 3677 pro
1177 3603 1462 3674 relligione
1486 3603 1596 3658 diei

508 3696 806 3752 Indulsisse
838 3697 1021 3750 ferunt
1043 3692 1298 3764 expensis
1319 3692 1514 3762 pocula
1544 3690 1721 3762 parcis
1754 3709 1765 3746 :

507 3785 652 3843 Vina
671 3785 765 3840 sed
800 3783 1024 3855 irriguis
1051 3781 1351 3839 undantius
1375 3782 1571 3836 obruta
1600 3777 1868 3851 lymphis,

505 3874 764 3930 Nativum
818 3872 1141 3939 abnuerant,
1183 3888 1282 3927 nec
1308 3869 1420 3940 jam
1451 3868 1616 3923 modo
1645 3868 1797 3934 vina,
1829 3882 2096 3938 saporem.

578 3966 666 4024 49.
698 3967 910 4037 Corpus
935 3966 1096 4020 inane
1117 3963 1240 4018 cibo
1261 3968 1664 4018 sustentaturus
1696 3959 1881 4028 inerti,

507 4055 736 4112 Davidis
776 4069 986 4108 memor
1006 4052 1100 4108 ille
1131 4051 1283 4120 boni,
1317 4051 1406 4108 cui
1445 4049 1689 4107 carmina
1721 4066 1885 4117 curze,

507 4145 728 4202 Libavit
762 4144 942 4218 primo
973 4144 1220 4211 cineres;
1243 4144 1324 4200 sic
1361 4143 1566 4199 hordea
1597 4142 1849 4214 sumpsit.

506 4237 558 4291 Is
587 4234 750 4291 modo
767 4234 923 4306 panis
939 4241 1052 4290 erat
1076 4251 1088 4288 :
1124 4233 1333 4290 factum
1354 4232 1650 4305 sumpsisse
1681 4238 1860 4287 reatus

506 4325 751 4382 Alterius
787 4324 1062 4392 manibus,
1095 4323 1141 4378 si
1171 4338 1281 4378 non
1308 4322 1457 4378 hunc
1482 4321 1712 4394 impiger
1742 4321 1856 4393 ipse

505 4415 805 4472 Excuteret
836 4415 1172 4486 moleretque
1202 4414 1316 4469 suis
1343 4431 1354 4468 :
1389 4413 1591 4468 referre
1621 4413 1848 4485 peritus,

503 4507 772 4574 Externo,
807 4521 876 4560 an
906 4504 1128 4578 proprio
1155 4504 1365 4560 victum
1393 4503 1589 4559 sudore
1612 4509 1844 4575 pararet,

504 4595 771 4668 Quodque
797 4596 937 4651 foret
964 4611 1228 4654 manuum
1259 4593 1395 4649 felix
1424 4594 1696 4666 probitate
1723 4609 1966 4648 suarum.

505 4687 824 4758 Temperius
853 4686 1150 4757 sumpsisse
1187 4683 1374 4740 cibum
1404 4684 1631 4739 fortasse
1660 4685 1915 4755 voluptas

506 4777 953 4847 Qualemcunque
1003 4775 1144 4829 foret
1175 4792 1187 4841 ;
1248 4789 1487 4845 praeceps
1513 4790 1636 4829 cum
1668 4774 1940 4845 linqueret
1968 4787 2100 4828 arva

504 4863 763 4930 Phoebus,
798 4862 856 4916 in
889 4862 1174 4934 llesperias
1203 4879 1397 4918 occasu
1427 4862 1651 4934 pronior
1679 4862 1873 4931 undas,

504 4953 772 5010 Pcrsiccis
801 4950 1034 5023 dapibus
1063 4958 1268 5006 certam
1290 4952 1692 5023 praescripserat
1721 4950 1933 5007 horam.

503 5043 592 5100 Ad
618 5042 863 5099 medium
904 5041 1265 5099 hebdomadis
1294 5042 1508 5114 quoties
1536 5042 1757 5098 duravit
1790 5042 1971 5098 inanis
2001 5043 2028 5099 ?

506 5133 716 5206 Saepius
743 5133 802 5189 in
832 5141 1040 5206 septem
1070 5132 1240 5188 traxit
1265 5130 1476 5204 jejunia
1506 5139 1709 5188 noctes.

575 5223 664 5286 50.
695 5223 814 5290 Qua
834 5223 962 5278 tulit
991 5221 1212 5278 aestivos
1241 5221 1370 5277 anni
1401 5237 1498 5292 pro
1529 5229 1680 5293 parte
1700 5222 1926 5292 calores,

507 5313 620 5370 Hac
646 5314 779 5370 tulit
803 5319 858 5368 et
891 5310 1096 5384 rigidas
1124 5310 1243 5383 ipsa
1284 5325 1410 5367 cum
1432 5317 1582 5366 veste
1612 5309 1856 5382 pruinas.

576 5475 593 5497 ι
625 5457 711 5512 Αη
731 5457 909 5514 avidis
937 5457 965 5514 τ

576 5533 598 5594 ξ
626 5530 690 5583 Id
717 5537 791 5582 est
821 5529 1073 5599 generosi.
1104 5527 1229 5584 Not.
1262 5543 1390 5585 mss.

627 5599 693 5653 Id
717 5606 808 5666 est,
840 5617 944 5652 non
980 5607 1035 5655 ut
1077 5600 1270 5669 famem
1325 5602 1583 5670 tollerent,
1643 5601 1730 5656 sed
1764 5606 1823 5656 ut
1845 5600 2097 5672 volupta-

1515 215 1754 274 HERICI
1792 208 2112 270 MONACHI
2148 202 2808 268 ANTISSIODORENSIS

3670 196 3814 258 “56

2115 365 2166 423 A
2200 360 2383 417 Vestis
2411 367 2524 415 erat
2553 357 2703 414 tenui
2736 353 2976 410 tunicam
3010 349 3288 423 supplesse
3317 348 3555 417 cuculla,

2203 452 2569 523 Ciliciumque
2598 449 2810 504 interne
2840 445 3016 501 latens
3037 441 3156 516 [B.,
3187 441 3344 496 intus
3375 439 3626 514 latitans]
3661 459 3674 496 :
3711 438 3819 498 hoc

3186 528 3441 604 [horrida
3471 529 3750 598 membra,

2204 632 2351 686 Dura
2382 628 2546 694 cutis,
2578 627 2730 683 nullo
2765 623 2956 681 molles
2987 622 3043 677 in
3073 628 3319 690 tempore
3352 619 3557 676 somni.

2204 720 2432 792 Sumpta
2461 720 2648 784 semel,
2675 715 2794 789 jugi
2821 727 3100 786 nunquam
3123 709 3394 767 concessit
3427 708 3496 765 ab
3524 725 3649 777 usu,

2205 808 2426 864 Tradita
2456 807 2784 881 pauperibus
2814 804 2920 861 nisi
2952 819 3078 859 cum
3115 799 3377 860 successit
3423 799 3479 854 in
3514 815 3703 866 usum,

2205 903 2316 957 Aut
2344 902 2532 956 attrita
2560 897 2729 956 nimis
2758 897 2941 952 nullos
2971 893 3244 950 dedcessit
3273 891 3343 948 ad
3369 908 3522 950 usus.

2205 993 2284 1049 Ac
2308 993 2458 1048 velut
2491 991 2719 1048 hostiles
2750 988 2808 1044 in
2837 989 3061 1060 planum
3090 983 3320 1040 fundere
3351 990 3529 1040 turres

2207 1082 2448 1156 Quisque
2477 1098 2659 1148 ruens,
2691 1079 2876 1134 valida
2905 1076 3104 1149 premit
3143 1072 3433 1130 obsidione
3469 1072 3700 1129 rebelles
3730 1091 3744 1140 ;

2206 1174 2314 1232 Nec
2343 1181 2516 1232 cessat
2544 1170 2816 1230 machinis
2845 1167 2960 1242 [B.,
2989 1165 3255 1240 technis],
3287 1182 3387 1224 nec
3417 1164 3560 1224 fictis
3589 1171 3710 1220 arte
3743 1165 3817 1220 la-

3497 1253 3696 1328 [tebris
3724 1274 3738 1323 ;

2207 1354 2454 1426 Cumque
2485 1352 2619 1408 foris
2649 1349 2832 1424 gladio
2862 1355 3092 1422 pugnat,
3125 1345 3430 1404 terroribus
3459 1345 3629 1413 intus,

2207 1449 2325 1505 Non
2349 1446 2500 1519 prius
2529 1445 2798 1502 absistens
2828 1449 3010 1499 teneat
3039 1457 3201 1514 quam
3236 1437 3438 1496 mmnia
3465 1435 3645 1493 victor
3671 1453 3683 1490 :

2209 1536 2432 1591 llisdem
2453 1535 2654 1590 animis
2677 1549 2882 1605 corpus
2905 1547 3111 1587 vexans
3141 1529 3442 1586 acerrimus
3469 1525 3669 1592 hostis,

2208 1625 2566 1695 Exposusque
2598 1621 2724 1689 sibi,
2755 1637 2902 1678 nunc
2930 1619 3038 1688 his,
3072 1633 3218 1676 nunc
3248 1615 3466 1688 impetit
3487 1613 3602 1670 illis

2206 1710 2533 1767 Mortificare
2565 1708 2778 1765 modis:
2807 1707 3015 1780 jejunis
3043 1707 3212 1766 allicit
3245 1706 3418 1772 intus,

2209 1799 2516 1870 Asperitate
2541 1799 2674 1855 foris
2700 1817 2712 1865 ;
2745 1798 3066 1870 domitoque
3098 1797 3339 1851 immane
3367 1792 3511 1849 leoni

2209 1890 2413 1960 Aspera
2442 1905 2772 1961 proponens,
2807 1895 2921 1943 tum
2953 1886 3221 1942 deteriora
3251 1885 3510 1940 minatur.

2209 1978 2254 2034 Ο
2284 1993 2427 2032 nova
2458 1977 2777 2048 perdomita».
2801 1975 3039 2031 nimium
3070 1973 3381 2031 constantia
3409 1970 3615 2039 carnis,

2209 2067 2426 2124 Naturae
2455 2067 2542 2123 cui
2571 2065 2696 2138 jura
2727 2066 2916 2122 datum
2947 2073 3028 2122 est
3055 2079 3311 2137 superare
3343 2060 3599 2135 potentis,

2211 2158 2631 2231 Ingenitumque
2676 2156 2894 2213 homini
2936 2156 3167 2229 pedibus
3216 2153 3564 2211 substernere
3603 2149 3801 2218 12200;?

2283 2258 2370 2314 51.
2414 2257 2610 2313 Lectus
2639 2264 2773 2324 erat,
2807 2254 3001 2328 quadri
3034 2253 3253 2326 gracilis
3296 2250 3610 2324 complexio
3643 2249 3802 2321 ligni,

2213 2347 2584 2404 Flammarum
2613 2343 2834 2402 exuviis
2861 2343 3173 2416 cinerisque
3203 2343 3485 2415 aspergine
3514 2339 3665 2408 duri,

2213 2437 2454 2508 Margine
2487 2436 2644 2508 plena
2674 2443 2834 2491 tenus
2859 2452 2870 2490 :
2903 2433 3187 2492 confectus
3210 2432 3433 2507 jamque
3458 2429 3696 2504 jacentis

2212 2528 2484 2583 Duruerat
2524 2525 2590 2583 de
2621 2526 2764 2582 mole
2793 2524 2954 2592 cinis,
2979 2523 3252 2597 rigidique
3292 2521 3499 2579 ferebat

2213 2617 2382 2690 Terga
2412 2617 2514 2673 soli
2543 2635 2554 2673 :
2583 2617 2734 2673 duras
2763 2615 3027 2672 dederant
3053 2615 3310 2671 stratoria
3330 2619 3483 2682 setae,

2214 2707 2469 2763 Pertenui
2498 2705 2746 2778 subjecta
2774 2721 2933 2777 sago:
2966 2722 3071 2778 qua
3091 2705 3330 2778 plurima
3354 2701 3533 2761 cervis

2215 2797 2454 2855 Verticis
2480 2796 2684 2854 excelsi
2714 2813 2963 2870 superam
2987 2794 3270 2866 consurgit
3299 2794 3366 2851 ad
3397 2807 3600 2858 arcem,

2213 2887 2376 2944 Nulla
2405 2887 2513 2943 viri
2541 2896 2796 2960 supposta
2824 2895 2989 2959 caput
3018 2905 3104 2943 res
3131 2884 3335 2942 extulit
3365 2897 3631 2955 unquam.

2213 2979 2511 3035 Damnarat
2547 2978 2626 3033 sic
2655 2976 2899 3032 membra
2919 2977 3056 3032 solo.
3085 2975 3251 3044 Quid,
3283 2972 3538 3032 noctibus
3567 2970 3658 3025 ille

2214 3066 2368 3124 Cuod
2397 3083 2508 3122 non
2547 3065 2788 3122 detraxit
2819 3066 2962 3122 fesso
2991 3066 3058 3121 de
3085 3081 3314 3137 corpore
3344 3070 3554 3118 vestem
3578 3060 3606 3116 ?

2213 3158 2351 3213 Rara
2379 3156 2578 3228 pedum
2617 3164 2894 3228 tegmenta
2919 3156 3048 3211 tulit
3073 3175 3086 3224 ;
3121 3155 3199 3213 sic
3229 3154 3443 3225 singula
3474 3167 3632 3206 raro:

2209 3246 2531 3303 Sanctorum
2561 3253 2749 3305 sancto
2781 3262 2892 3302 non
2913 3245 3149 3318 dempsit
3167 3245 3398 3316 pignora
3420 3241 3582 3297 collo.

2209 3335 2329 3393 Non
2360 3345 2548 3410 pectus
2577 3337 2804 3408 gemitu,
2837 3352 2948 3392 non
2978 3352 3038 3392 os
3067 3335 3313 3390 immune
3341 3339 3580 3406 precatu.

2211 3425 2338 3484 Haec
2377 3428 2542 3496 inter,
2579 3427 2670 3486 cui
2701 3443 2811 3482 non
2841 3443 3096 3482 somnum
3125 3430 3398 3481 tormenta
3425 3418 3728 3493 negarent?

2210 3519 2273 3574 In
2301 3536 2520 3577 carmen
2551 3520 2799 3592 procede,
2828 3519 2988 3585 liber,
3021 3535 3173 3574 mens
3201 3516 3368 3572 anxia
3404 3514 3584 3576 dixit;

2210 3606 2482 3665 Ulteriora
2511 3617 2731 3667 vocant.
2765 3609 2892 3664 Alio
2924 3625 3054 3663 mox
3085 3605 3313 3663 numine
3344 3612 3505 3672 tacta,

2209 3695 2448 3761 Stemus,
2479 3697 2612 3754 item
2641 3697 2789 3754 dixit
2813 3717 2824 3755 :
2864 3702 3125 3754 revocant
3150 3694 3411 3768 primaria
3433 3708 3650 3748 cursum
3676 3708 3688 3746 :

2209 3791 2317 3848 Nec
2337 3791 2504 3847 semel
2535 3790 2622 3846 his
2653 3790 2875 3846 haesisse
2903 3796 2985 3845 sat
3015 3796 3116 3858 est,
3151 3787 3410 3844 refricata
3436 3784 3720 3856 placebunt

2210 3879 2309 3933 Illa
2343 3880 2550 3952 magis:
2587 3879 2880 3953 spectanda
2910 3879 3019 3934 viri
3043 3877 3331 3935 conversio
3369 3875 3565 3942 sancti,

2211 3967 2418 4041 Virque
2448 3969 2571 4024 viro
2602 3969 2776 4025 veteri
2810 3985 2988 4027 novus
3015 3984 3169 4042 aequa
3199 3967 3354 4023 lance
3380 3963 3664 4030 ferendus;

2209 4057 2353 4124 Quid
2383 4057 2570 4127 fuerit,
2604 4057 2739 4131 quid
2771 4059 2845 4115 sit
2867 4059 3064 4127 factus,
3097 4057 3220 4130 quis
3250 4055 3457 4128 prodiit
3486 4071 3555 4109 ex
3589 4068 3711 4126 quo.

2279 4147 2366 4202 52.
2402 4148 2674 4204 Pransuro
2705 4147 2983 4220 quondam
3016 4147 3184 4220 regali
3215 4144 3420 4218 praedia
3451 4143 3591 4199 luxu

2210 4235 2448 4292 Orbibus
2473 4237 2718 4309 antiquis
2742 4235 2966 4308 dapium
2994 4235 3212 4292 diversa
3241 4232 3489 4290 ferebant
3513 4251 3523 4288 :

2207 4327 2318 4383 Nec
2346 4326 2539 4383 modus
2569 4327 2829 4400 impensa:
2855 4345 2868 4394 ;
2901 4343 3002 4384 nec
3025 4324 3221 4381 edendi
3253 4323 3412 4395 copia
3439 4321 3704 4394 simplex;

2207 4415 2374 4484 Vilia,
2411 4425 2540 4472 nata
2568 4416 2720 4473 domi
2747 4435 2760 4484 ;
2785 4433 2898 4472 non
2929 4432 3148 4487 magna,
3181 4413 3483 4470 domestica
3508 4425 3768 4485 quaeque;

2126 4470 2176 4530 D
2203 4508 2336 4565 Arte
2371 4509 2542 4582 petita
2571 4509 2763 4582 magis,
2798 4470 3051 4581 duroque
3077 4470 3263 4562 labore
3292 4470 3617 4577 sequentum

2209 4598 2409 4669 Empta
2437 4598 2689 4669 placent:
2725 4597 2980 4670 quodque
3010 4603 3092 4651 est
3111 4595 3222 4650 ima
3253 4594 3448 4650 tellure
3476 4591 3729 4657 ferarum,

2209 4689 2367 4756 Quod
2394 4690 2532 4746 coelo
2563 4690 2874 4758 volucrum,
2908 4689 3193 4762 pelagique
3225 4702 3320 4760 per
3351 4684 3537 4742 abdita
3557 4691 3793 4747 nantum,

2208 4779 2480 4851 Principis
2509 4779 2750 4836 infrenes
2776 4779 3188 4838 conducebatur
3206 4777 3276 4833 ad
3300 4793 3452 4845 usus,

2207 4868 2327 4924 Non
2359 4867 2652 4924 mandante
2682 4868 2845 4936 fame,
2875 4876 2931 4924 at
2960 4869 3178 4924 varium
3208 4867 3386 4922 latura
3411 4879 3657 4937 saporem
3679 4872 3699 4898 ε

2210 4957 2318 5012 Has
2347 4957 2552 5029 epulas,
2580 4956 2694 5016 haec
2725 4957 2938 5013 fallacis
2959 4956 3254 5014 lactamina
3287 4953 3481 5010 mundi

2210 5045 2388 5100 Hauta
2419 5045 2572 5117 prius
2594 5043 2789 5116 juveni
2815 5047 3023 5117 (rerum
3052 5043 3383 5101 commercia
3412 5041 3552 5097 mira
3573 5041 3614 5112 l)

2209 5134 2338 5191 Post
2367 5143 2793 5207 compensarunt
2819 5141 2903 5190 ter
2930 5135 3079 5190 binis
3102 5133 3307 5190 hordea
3338 5131 3526 5189 lustris
3547 5129 3594 5198 ‘,

2207 5221 2390 5278 Libati
2418 5222 2648 5292 cineres,
2674 5222 2889 5296 jejunia
2913 5223 3074 5297 longa
3101 5221 3338 5279 dierum.

2210 5309 2340 5379 Quae
2369 5313 2600 5369 veniunt
2631 5313 2823 5386 patriis
2851 5320 2906 5369 et
2935 5313 3112 5385 prima
3141 5319 3196 5367 et
3220 5309 3462 5384 plurima
3489 5306 3670 5375 terris,

2212 5463 2306 5515 tem
2329 5457 2675 5513 cumularent.
2708 5457 2851 5528 Not.
2867 5471 2995 5513 mss.
3023 5453 3343 5528 cod.Lugd.

2279 5529 2304 5564 ἀ
2326 5529 2439 5587 Hoc
2467 5537 2566 5599 est,
2598 5529 2758 5586 annis
2787 5527 3035 5601 triginta,
3068 5520 3579 5600 quibusepisc0pus
3609 5520 3728 5577 fuit.
