4066 6190
220 247 352 306 1157

221 400 357 457 Vina
387 397 776 460 ministrabant
805 420 1029 476 gemma
1057 402 1290 477 pretiosa
1316 408 1580 473 capaces;

218 488 283 543 Ut
312 487 653 544 diversorum
681 498 887 549 taceam
918 500 1226 550 commenta
1252 491 1555 564 liquorum.

218 577 428 633 Extulit
456 576 573 634 haec
604 566 799 652 palmis
828 581 1105 638 interdum
1136 582 1286 637 fonte
1316 580 1491 653 petita

218 666 461 740 Lympha
491 666 674 736 cavis;
707 671 1034 746 culpamque
1055 681 1232 744 putes,
1256 671 1364 727 nisi
1392 686 1609 729 sumere
1630 690 1807 746 parce.

279 756 365 813 53.
402 754 550 822 Quid
596 773 895 816 memorem
942 760 1180 833 phrygio
1226 761 1554 834 perscriptas
1596 763 1809 833 pectine

1514 851 1737 927 [veslcs,

212 933 317 993 Nec
343 937 508 993 semel
538 936 597 993 in
628 938 825 1012 Tyrios
853 951 1007 1000 cocta
1036 940 1361 1000 indumenta
1390 944 1638 1014 rubores,

216 1025 454 1085 Crassius
480 1025 569 1083 bis
596 1045 793 1086 aurum
823 1033 1308 1107 superinsutasque
1337 1034 1670 1106 smaragdos,

212 1112 342 1171 Tum
371 1114 567 1188 byssos
595 1118 803 1190 niveas,
839 1121 1148 1179 holoserira
1177 1123 1417 1194 plumea,
1455 1130 1675 1196 torques
1699 1141 1712 1191 ;

211 1205 390 1274 Multa,
424 1205 556 1264 duci
580 1224 706 1281 quas
738 1211 884 1283 larga
909 1211 1072 1268 dabat
1099 1213 1323 1268 fortuna
1349 1213 1605 1284 superbo,

211 1292 428 1366 Singula
457 1295 715 1355 discretis
736 1300 908 1356 alium
936 1301 1149 1357 factura
1173 1301 1367 1358 diebus
1388 1301 1400 1357 l

209 1383 450 1440 Artubus
478 1385 565 1442 his
593 1387 731 1444 olidi
762 1388 985 1446 induxit
1014 1391 1206 1446 setalia
1242 1391 1414 1463 capri,

208 1482 460 1539 Interulis
485 1483 762 1557 quondam
794 1486 994 1544 solitus
1022 1487 1219 1544 sudare
1246 1487 1550 1541 τοικάπτοιο
1572 1500 1612 1544 τι.

206 1570 361 1640 Quid,
393 1572 545 1645 quod
572 1581 627 1629 et
660 1575 858 1632 ofﬁciis
885 1578 1166 1648 expletum
1199 1577 1304 1633 rite
1338 1577 1557 1634 diurnis

207 1652 363 1735 (Tum
393 1662 559 1720 ludos
584 1665 855 1723 tractabat
882 1669 1052 1735 enim,
1079 1676 1194 1723 tum
1227 1667 1369 1724 seria
1396 1669 1622 1741 passim)

202 1749 249 1806 Α
275 1749 441 1807 turba
468 1750 535 1807 ad
566 1752 769 1823 placidi
798 1754 1081 1811 cedentem
1112 1764 1230 1811 tuta
1265 1756 1467 1813 cubilis

201 1839 417 1896 Mollior
447 1850 739 1915 exceptum
769 1860 992 1901 somnos
1020 1845 1240 1901 haurire
1269 1846 1515 1902 salubres

202 1927 412 1987 Culcita
444 1932 729 2003 suadebat,
772 1936 941 1991 rutilo
971 1936 1277 1993 lautissima
1304 1954 1467 1994 cocco
1489 1938 1518 1994 ‘P

200 2019 322 2075 Haec
348 2020 543 2077 eadem
573 2023 751 2095 rigido
776 2024 945 2079 tellus
975 2026 1245 2096 asperima
1275 2032 1429 2095 tergo

198 2109 445 2168 Membra
470 2114 624 2182 tulit,
654 2115 844 2170 niveas
867 2114 983 2185 jam
1012 2114 1353 2171 dediscentia
1391 2116 1625 2186 plumas.

196 2198 300 2259 Nec
328 2202 551 2258 somnis
577 2218 800 2274 operam
826 2202 1000 2272 dedit,
1032 2212 1086 2258 at
1115 2202 1469 2276 plangoribus
1498 2204 1626 2260 ille:

196 2290 363 2365 Inque
392 2307 501 2347 suo
530 2300 705 2349 stratu
734 2291 957 2348 Domini
991 2309 1200 2348 memor
1225 2293 1645 2366 omnipotentis,

193 2381 271 2438 Ac
299 2381 513 2437 veteris
537 2380 649 2453 jam
682 2390 802 2438 tum
830 2382 1075 2439 recolens
1100 2383 1333 2454 vestigia
1360 2383 1511 2453 vita},

194 2470 378 2527 Deluit
398 2467 429 2496 "
456 2469 703 2526 internas
733 2471 866 2528 ﬂetu
896 2470 1204 2528 medicante
1234 2470 1484 2528 latebras.

194 2559 380 2616 Hostia
411 2560 567 2628 viva,
599 2561 839 2633 placens,
869 2560 1100 2617 rationis
1124 2561 1380 2618 acumina
1407 2562 1568 2631 fulta,

192 2650 279 2707 Sic
308 2666 364 2707 se
394 2650 677 2706 virtutum
706 2660 855 2708 casta
882 2650 1145 2707 mactavit
1173 2652 1231 2707 in
1261 2667 1393 2720 ara;

192 2740 318 2797 Post
347 2739 643 2798 Christum
674 2749 891 2813 portare
920 2756 1159 2808 crucem,
1190 2756 1413 2813 seseque
1443 2748 1658 2814 negato,

196 2830 410 2887 Gnarus
443 2830 515 2887 ad
543 2831 792 2903 astrigeri
822 2830 1152 2889 contendere
1179 2832 1425 2888 culmina
1448 2831 1596 2899 coeli,

199 2919 466 2979 Conﬁxus
495 2922 587 2979 cui
621 2923 861 2980 mundus
889 2931 1027 2991 erat,
1058 2921 1155 2995 qui
1180 2921 1419 2996 denique
1444 2920 1654 2978 mundo
1680 2937 1691 2977 :

832 3027 1059 3085 CAPUT
1097 3029 1166 3085 II.

1257 245 1351 306 ne
1390 219 1582 303 VITA
1622 243 1679 311 s.
1721 245 2063 316 GERMANI.
2103 289 2174 300 —
2213 256 2346 316 LIB.
2390 257 2459 317 n.

3395 270 3536 333 1158

1838 417 1890 476 Α
1917 409 1990 465 Et
2016 407 2348 469 documenta
2372 413 2486 486 lege
2517 411 2627 488 [B.,
2662 415 2832 491 legas]
2866 435 2879 474 :
2914 416 2963 473 si
3002 435 3115 475 non
3146 428 3201 477 et
3234 427 3530 495 apostolus

1919 587 1992 643 Et
2018 585 2129 642 dici
2159 589 2357 658 valeat,
2390 592 2477 648 vel
2514 592 2625 660 dic,
2651 594 2738 649 vel
2768 593 2954 652 dicere
2986 608 3008 635 ε
3039 596 3237 654 fallax.
3311 509 3454 585 [esse

1992 684 2080 743 56,
2136 679 2467 737 Pontiﬁcum
2521 683 2808 740 cathedras
2870 687 3095 758 quantis
3138 688 3528 760 splendoribus

3246 775 3454 850 [ornet,

1874 885 1883 897 4
1920 863 2076 931 Quod
2112 865 2243 920 satis
2283 861 2542 929 emineat,
2575 879 2688 918 non
2717 872 2799 919 est
2830 862 2964 921 hinc
3003 864 3185 923 dicere
3222 868 3416 926 multa.

1919 953 2154 1010 Inferior
2182 953 2356 1020 nullo,
2391 953 2580 1009 multis
2613 953 2965 1024 praestantior
2998 963 3244 1024 exstans,

1918 1044 1980 1100 Id
2010 1044 2118 1101 sibi
2150 1043 2428 1116 privatum
2463 1043 2670 1100 Christi
2712 1044 2817 1100 fert
2864 1062 3092 1103 munere
3121 1062 3343 1116 munus,

1917 1135 2181 1206 Dogmata
2227 1134 2375 1207 quod
2425 1134 2646 1203 rutilus,
2687 1135 2971 1208 signisque
3020 1137 3410 1210 frequentibus
3440 1137 3523 1195 in-

1919 1224 1989 1280 Et
2014 1222 2182 1279 verbo
2210 1231 2263 1278 et
2286 1224 2450 1280 claris
2479 1224 2783 1281 confecerit
2798 1225 2984 1281 omnia
3002 1227 3188 1298 gestis.
3273 1222 3449 1299 [gens,

1988 1316 2075 1372 57.
2111 1314 2221 1372 Cur
2249 1330 2360 1371 non
2390 1323 2462 1383 et,
2496 1316 2636 1372 liciti
2669 1318 2875 1389 pepigit
2904 1319 3033 1390 quia
3072 1317 3278 1374 foedera
3311 1320 3462 1389 lecti,

1919 1403 2185 1477 Virgineo
2216 1406 2510 1479 quisquam
2546 1412 2726 1479 tenter
2763 1404 3072 1462 subducere
3104 1406 3129 1441 ἀ
3158 1408 3350 1465 serto?

1918 1478 2245 1567 Incorrupta
2280 1495 2435 1563 ﬁdes,
2471 1494 2590 1549 voti
2618 1478 2771 1549 mens
2799 1494 3021 1551 conscia
3047 1495 3205 1563 recti,

1915 1582 2037 1638 Non
2067 1600 2309 1656 unquam
2340 1591 2421 1639 est
2450 1583 2601 1639 nivei
2640 1582 2819 1637 labem
2850 1598 3103 1656 perpessa
3135 1584 3384 1657 pudoris.

1916 1670 2123 1743 Estque
2154 1688 2346 1744 parum
2387 1672 2607 1728 intactae
2641 1670 2824 1729 carnis
2862 1673 3090 1744 gessisse
3123 1672 3344 1743 nitelas,

1841 1777 1887 1837 Β
1916 1760 2151 1816 Intimus
2179 1761 2417 1818 obsceno
2439 1761 2485 1817 si
2510 1777 2621 1817 non
2667 1759 2834 1816 homo
2864 1777 3033 1833 purus
3060 1762 3128 1818 ab
3154 1770 3301 1831 actu,

1917 1848 2234 1919 Integritate
2265 1850 2351 1905 sui
2380 1849 2597 1905 studeat
2627 1856 2876 1905 constare
2905 1849 3140 1907 decoris.

1988 1937 2077 1995 58.
2107 1939 2252 2009 Ergo
2277 1954 2394 2011 age,
2420 1939 2745 1995 etadductis
2774 1956 2956 1996 coram
2980 1940 3311 2011 rationibus,
3333 1953 3524 1999 omnes

1920 2027 2126 2085 Ordine
2155 2045 2252 2099 per
2280 2036 2498 2085 sanctos
2534 2030 2784 2087 animum
2820 2044 2947 2100 rape
2982 2047 2992 2084 :
3042 2046 3285 2102 congrua
3336 2038 3525 2087 nostro

1919 2116 1982 2172 In
2011 2115 2225 2173 cunctis
2245 2124 2374 2172 sunt
2410 2117 2585 2172 multa
2605 2117 2752 2172 Patri
2779 2134 2790 2172 :
2814 2133 3054 2190 cumque
3081 2119 3301 2190 agmine
3325 2136 3525 2192 magno

1918 2207 2160 2265 Mundus
2186 2208 2431 2264 censoris
2469 2215 2697 2279 cogetur
2721 2206 2792 2263 ad
2820 2224 2915 2263 ora
2946 2208 3145 2275 futuri,

1919 2297 2167 2369 Cumque
2196 2305 2250 2353 et
2284 2298 2621 2370 apostolicus
2649 2295 2963 2352 consederit
2992 2297 3089 2353 ille
3129 2306 3373 2369 senatus,

1919 2388 2222 2444 Germanus
2261 2386 2430 2442 rutilo
2467 2386 2740 2443 subnixus
2770 2394 2825 2443 et
2861 2386 2978 2459 ipse
3016 2387 3197 2458 sedili,
3228 2398 3235 2405 ‘

1915 2480 1995 2536 De
2024 2493 2221 2549 magno
2247 2476 2464 2532 decreta
2503 2484 2658 2532 ratus
2687 2479 2938 2533 censoria
2964 2477 3141 2549 judex

1916 2568 2061 2626 Orbe
2082 2568 2220 2622 feret
2253 2584 2266 2623 :
2303 2573 2420 2623 tum
2454 2565 2795 2638 martyribus
2823 2582 2950 2623 cum
2979 2568 3145 2624 fortia
3168 2567 3338 2625 sacris

1915 2656 2147 2714 Praemia
2172 2655 2499 2728 pendentur,
2539 2673 2749 2713 roseam
2782 2656 2920 2714 feret
2946 2658 3039 2714 ille
3061 2673 3347 2727 coronam,

1916 2745 2091 2814 Quam
2123 2761 2379 2820 peperere
2410 2761 2606 2803 cruces
2635 2745 2856 2804 addicto
2886 2747 2943 2803 in
2970 2733 3198 2821 corpore
3225 2750 3401 2822 longis
3427 2764 3438 2807 :

1917 2835 2165 2909 Cumque
2190 2835 2500 2892 sacerdotes
2536 2838 2682 2893 cauti
2715 2851 2813 2909 pro
2854 2851 3035 2893 merce
3074 2839 3289 2907 talenti,

1913 2927 2020 2983 Pro
2048 2939 2213 2983 carne
2245 2926 2509 2993 edomita,
2541 2926 2670 2981 facti
2705 2941 2804 2997 pro
2834 2925 3024 2981 fenore
3045 2925 3211 2996 lucri,

1913 3015 2118 3073 Ordine
2150 3015 2440 3088 promeriti
2468 3013 2731 3070 intrarint
2761 3015 3064 3088 penetralia
3094 3016 3268 3088 regni,

203 3112 430 3174 Collatia
457 3115 627 3202 sancti
653 3134 770 3202 cum
794 3119 1455 3202 apostolis,_martyribas,
1486 3127 1592 3178 etc.
1624 3118 1804 3191 Ejus—
1840 3139 1883 3202 ο
1914 3105 2275 3202 (ferinam
2302 3113 2513 3177 Partem
2545 3103 2988 3202 Ρᾶίωα-νίοιτίξδθ
3018 3105 3216 3174 locata:

437 3190 554 3244 dem
581 3189 936 3261 hospitalitas,
967 3191 1217 3257 solitudo,
1246 3189 1551 3249 cwnobium.

264 3293 355 3353 54.
396 3296 701 3353 Prudentes
730 3306 956 3355 assunto
985 3297 1093 3355 viri
1133 3314 1403 3371 sensuque
1433 3307 1625 3355 coacto

195 3378 530 3457 Expendant
558 3385 725 3458 hujus
744 3403 932 3445 causas
961 3396 1015 3444 et
1043 3404 1202 3444 sensa
1231 3390 1444 3457 negoti,

194 3472 589 3549 Consultisque
617 3477 839 3545 animis,
874 3477 1065 3531 tulerit
1095 3475 1245 3547 quod
1280 3474 1522 3530 maxime
1550 3472 1801 3545 dignum,

1034 3563 1150 3637 [B.,
1184 3580 1305 3637 quae
1330 3564 1497 3635 digna
1524 3563 1730 3639 relatu]

192 3650 444 3729 Quisque
473 3656 649 3710 ferat:
687 3652 829 3708 mihi
858 3660 1002 3710 certe
1033 3652 1219 3710 eadem
1268 3652 1539 3710 sententia
1578 3660 1804 3727 perstat,

188 3746 369 3818 Inque
396 3744 517 3800 dies
544 3742 732 3799 animo
766 3750 848 3798 est
882 3743 1053 3815 magis
1084 3745 1347 3816 illapsura
1376 3743 1578 3815 tenaci,

189 3838 560 3903 Germanum,
592 3832 813 3906 quantis
842 3832 945 3890 hac
973 3834 1120 3890 vixit
1148 3842 1293 3890 sorte
1326 3833 1539 3904 diebus,

189 3924 395 3984 Nobile
425 3922 754 3996 martyrium
785 3921 1015 3978 totidem
1045 3923 1280 3978 traxisse
1308 3923 1525 3980 diebus.

192 4018 369 4075 Nemo
400 4015 666 4071 molestus
694 4020 814 4080 eat;
849 4012 990 4068 ferat
1017 4010 1123 4067 ista
1151 4010 1429 4082 superﬂua
1458 4027 1640 4070 nemo.

195 4106 507 4164 Germanus
541 4103 680 4160 mihi
713 4111 925 4175 martyr
953 4102 1096 4169 erit;
1129 4117 1231 4157 nec
1259 4100 1429 4157 ducar
1458 4100 1705 4175 ineptus,

198 4198 306 4254 Pro
330 4195 495 4254 nobis
521 4210 636 4262 ora,
666 4209 881 4266 magne,
907 4209 1031 4249 cum
1065 4191 1283 4259 dixero,
1317 4198 1547 4265 martyr.

270 4286 361 4344 55.
404 4282 675 4357 Quodque
703 4290 785 4340 est
814 4280 903 4337 his
928 4281 1148 4354 potius;
1179 4296 1495 4354 quanquam
1519 4296 1686 4338 vocer
1708 4281 1807 4337 im-

1255 4364 1508 4443 [probus,
1536 4372 1735 4441 ausim,

198 4462 396 4538 Magna
425 4459 629 4536 quibus
655 4470 773 4519 toto
802 4474 953 4533 seges
981 4459 1316 4531 exspatiavit
1354 4460 1412 4516 in
1442 4461 1595 4530 orbe,

199 4555 371 4612 Fidus
399 4553 721 4628 apostolicis
750 4551 1083 4609 Germanum
1112 4547 1413 4608 inscribere
1440 4552 1625 4624 granis
1648 4569 1663 4621 ;

197 4645 272 4700 Et
298 4645 346 4701 si
376 4658 490 4701 non
522 4659 772 4711 numero,
802 4639 1021 4697 numeri
1053 4655 1216 4713 quem
1246 4639 1395 4697 ﬁniit
1424 4648 1633 4713 auctor,

197 4734 272 4791 At
300 4734 522 4791 merito.
555 4731 767 4789 Meritis
799 4731 934 4804 ipsis
962 4745 1290 4788 concurrere
1323 4732 1485 4790 Petro

199 4823 359 4880 Haud
386 4823 660 4891 vetitum;
690 4820 906 4877 meritis
932 4820 1125 4876 Petrus
1152 4836 1265 4876 non
1294 4820 1510 4877 invidet
1537 4821 1727 4896 aequis.

197 4911 387 4969 Vitam
419 4918 475 4968 et
504 4910 739 4967 virtutes
769 4925 801 4966 a
829 4918 1021 4967 nostro
1051 4910 1284 4983 praesule
1312 4916 1492 4982 gestas

268 5062 293 5091 ⁸
328 5052 601 5111 Interulas
634 5049 858 5107 dicimus
898 5048 1178 5105 interiores
1224 5049 1471 5116 tunicas;
1516 5051 1805 5122 trichaptas

197 5138 396 5202 autem,
449 5130 729 5204 capillaris
774 5130 1082 5186 subtilitatis
1121 5146 1138 5183 :
1184 5129 1372 5199 τρίχαι
1417 5122 1547 5203 (imo
1598 5124 1802 5202 τρίχες)

197 5215 337 5268 enim
374 5215 553 5270 Graiae
579 5211 783 5284 capilli.
820 5213 904 5267 Ita
927 5211 1055 5267 Not.
1090 5226 1221 5266 mss.
1256 5208 1393 5266 ibid.
1433 5209 1660 5282 Alioqui
1694 5211 1802 5283 τρί-

194 5307 411 5365 χαπτον
458 5294 677 5367 proprie
705 5291 1104 5367 bombycinum
1144 5290 1420 5367 quoddam
1459 5298 1697 5367 textum,
1736 5308 1806 5367 ex

234 5381 308 5438 uo
353 5363 577 5438 capitis:
598 5365 787 5438 crines
824 5363 1298 5438 constringuntur,
1354 5363 1561 5438 Latinis
1599 5364 1806 5438 crinale

241 5434 441 5493 ictum:
471 5436 575 5493 Sed
599 5444 747 5508 patet
776 5436 880 5493 hoc
910 5434 1308 5508 locoitunicam
1338 5434 1597 5491 subtilem
1627 5435 1806 5491 intel-

200 5507 297 5580 ligi
329 5506 639 5580 oppositam
671 5507 951 5580 asperitati
982 5506 1175 5564 cilicii.

266 5582 293 5615 ⁸⁵
337 5580 448 5635 Pro
477 5580 604 5635 eluit
631 5580 717 5635 vel
747 5580 924 5637 diluit.

384 5596 448 5635 το
477 5596 604 5635 emit
631 5596 717 5635 vel
747 5596 924 5636 arma.

271 5659 293 5686 °
330 5651 445 5707 Pro
480 5651 668 5709 dicito.

1914 3195 2154 3267 Optime,
2187 3194 2424 3262 dicetur,
2456 3209 2553 3264 pro
2588 3194 2773 3265 parvis
2804 3194 3064 3261 maxima,
3101 3209 3279 3263 serve,

1914 3285 2143 3356 Excipe,
2178 3283 2325 3356 quod
2356 3283 2525 3339 fueris
2558 3284 2720 3356 pleno
2746 3283 2814 3339 de
2840 3283 3003 3340 corde
3022 3283 3220 3353 ﬁdelis,

1940 3399 1949 3406 -
1986 3372 2076 3430 59.
2113 3372 2277 3429 Terra
2296 3372 2452 3429 ferax
2479 3372 2719 3428 trimoda
2759 3370 2849 3445 [Β.
2896 3370 3131 3446 triplici]
3169 3372 3295 3426 beat
3325 3371 3522 3428 uberat

3123 3460 3406 3535 [colonum
3432 3480 3444 3520 :

1915 3553 2007 3612 Sic
2033 3559 2182 3611 sator
2218 3551 2460 3622 edocuit,
2499 3551 2654 3608 verbi
2693 3552 2826 3608 dum
2865 3550 3076 3608 semina
3106 3550 3302 3608 mittit.

1917 3643 2164 3718 Cumque
2192 3644 2290 3699 alii
2318 3643 2557 3699 referent
2594 3642 2808 3699 nitidos
2846 3658 3008 3715 super
3036 3648 3182 3699 astra
3212 3640 3515 3715 maniplos,

1916 3735 2146 3792 Praemia
2168 3734 2398 3806 quisque
2430 3733 2518 3789 sui
2544 3742 2793 3805 repetens
2821 3748 2920 3805 pro
2953 3739 3105 3805 parte
3135 3731 3361 3801 laboris,

1917 3827 2253 3883 Germanum
2282 3823 2457 3880 ternis
2486 3839 2678 3880 cernes
2716 3821 2930 3878 radiare
2958 3821 3201 3878 coronis.

1917 3918 2131 3991 Quique
2160 3934 2190 3973 a
2218 3926 2301 3973 ter
2330 3916 2488 3972 denis
2518 3915 2577 3971 in
2615 3931 2891 3989 sexagena
2915 3913 3195 3987 profectus
3223 3914 3267 3981 °,

1917 4007 1967 4063 A
1992 4011 2131 4064 lzeva
2160 4006 2217 4062 in
2248 4005 2501 4063 dextram
2530 4022 2743 4079 semper
2770 4003 3003 4076 vestigia
3033 4001 3218 4071 duxit,

1920 4096 2183 4169 Virgineo
2209 4095 2367 4166 plane
2406 4094 2636 4165 pollebit
2668 4102 2957 4151 stemmate
2986 4092 3125 4149 felix
3153 4109 3165 4147 :

1918 4183 2243 4256 Virginibus
2271 4181 2433 4237 datus
2479 4179 2574 4233 ille
2606 4195 2807 4245 comes,
2862 4180 3193 4249 Agnumque
3229 4182 3515 4251 sequetur,

1918 4273 2059 4343 Quia
2093 4287 2335 4344 gressum
2361 4267 2587 4334 tulerit;
2631 4264 2887 4339 quodque
2934 4272 3015 4319 est
3051 4267 3234 4320 natale
3280 4268 3519 4338 pudicis,

1919 4366 2187 4427 Concinet
2209 4362 2433 4420 aetheria
2465 4376 2725 4417 resonum
2752 4356 3049 4415 dulcedine
3077 4369 3321 4412 carmen.

1919 4458 2127 4514 Tantus
2153 4463 2214 4511 ut
2241 4454 2286 4510 is
2314 4454 2489 4517 fieret,
2519 4458 2615 4506 tua
2635 4455 2765 4505 sunt
2793 4446 2911 4504 haec
2938 4444 3148 4515 munia,
3182 4444 3424 4516 Christe,

1836 4512 1885 4570 D
1919 4551 2039 4619 Quo
2069 4548 2187 4605 sine
2216 4545 2294 4602 nil
2326 4551 2557 4609 rectum,
2593 4556 2720 4597 cum
2753 4552 2862 4612 quo
2901 4544 3032 4594 sunt
3060 4536 3251 4593 omnia
3276 4544 3443 4594 recta.

1984 4638 2073 4699 60.
2114 4637 2231 4704 Qua
2260 4634 2371 4691 duo
2403 4628 2669 4689 cmiicolis
2726 4626 3004 4701 quondam
3050 4625 3259 4682 virtute
3289 4625 3522 4699 receptis

1914 4728 2304 4799 Complacuere
2344 4729 2523 4796 patres
2547 4720 2585 4791 ί,
2636 4718 2744 4775 fuit
2789 4717 2910 4774 haec
2946 4716 3245 4802 vernacula
3289 4724 3514 4776 sancto:

1913 4816 2099 4873 Edicti
2135 4829 2346 4870 memor
2374 4811 2467 4868 hic
2493 4809 2657 4867 toties
2686 4807 2934 4864 humana
2955 4806 3254 4876 monentis,

1914 4905 2014 4964 Cui
2032 4905 2172 4961 bene
2200 4919 2333 4960 mox
2360 4901 2548 4970 facias,
2573 4914 2907 4974 quemquam
2924 4913 3036 4953 non
3052 4913 3173 4955 esse
3194 4894 3513 4969 legendum,

1987 5046 2012 5085 ά
2049 5049 2363 5116 Subducere,
2394 5063 2492 5120 pro
2523 5043 2721 5102 ducere
2774 5038 2877 5102 sub
2926 5050 3070 5099 serto
3118 5037 3388 5111 virgineo,
3421 5051 3518 5093 seu

1913 5120 2224 5192 virginibus
2254 5134 2638 5192 annumerare.
2729 5187 2744 5192 _
2930 5186 2942 5192 _
3044 5184 3057 5192 _
3227 5180 3240 5192 ,

1986 5184 2257 5263 "Alludit
2285 5190 2354 5246 ad
2375 5189 2686 5263 parabolam
2714 5187 2781 5243 de
2809 5186 3023 5263 semine
3044 5184 3193 5255 lapso
3224 5184 3282 5236 in
3313 5187 3516 5261 terram

1913 5262 2117 5319 bonam
2147 5271 2202 5317 et
2236 5255 2479 5318 fructum
2527 5260 2789 5334 afferente
2822 5255 3207 5334 centesimum,
3236 5255 3517 5334 sexagesi_-

1914 5351 2088 5402 mum,
2127 5334 2492 5405 trigesimum,
2526 5330 2718 5388 Matth.
2752 5346 2876 5405 xnr.
2918 5325 3229 5405 Adducitur
3263 5325 3323 5405 in
3369 5325 3518 5405 notis

1915 5423 2048 5462 mss.
2074 5394 2433 5461 benti-uarius
2460 5394 2711 5457 numerus
2739 5419 2774 5455 a
2804 5402 2936 5455 laeva
2964 5397 3259 5454 translatus
3286 5395 3344 5450 in
3377 5394 3519 5450 dex-

1919 5483 2104 5545 teram,
2127 5476 2453 5547 uirginitatis
2482 5474 2773 5547 symbolum
2798 5477 2890 5528 est.

1988 5549 2008 5586 ί
2045 5545 2322 5605 Abraham
2347 5552 2395 5600 et
2425 5547 2541 5602 Lot.
2573 5545 2699 5600 Not.
2734 5560 2862 5599 mss.
