4074 6186
548 217 686 276 1159

545 362 815 436 Quodque
845 361 1044 418 viatori
1075 367 1374 433 patuerunt
1401 359 1544 417 ostia
1559 359 1718 431 justi,

540 453 816 510 Omnibus
846 451 1071 523 hospitii
1102 466 1196 522 per
1226 451 1438 521 largum
1470 447 1705 521 praebuit
1733 464 1926 515 usum;

538 544 711 600 Nemo
744 550 825 598 est
854 550 1135 614 exceptus,
1168 556 1456 612 perpessus
1486 553 1648 595 nemo
1680 538 1954 609 repulsam
1981 555 1993 593 :

540 632 782 706 Collegit,
811 639 1059 698 cunctos,
1093 629 1299 686 struxit
1327 628 1587 686 convivia
1616 628 1864 684 cunctis:

539 723 735 778 Intulit
783 721 899 793 ipse
945 719 1130 792 dapes,
1183 719 1506 790 cunctisque
1542 717 1688 772 unde
1725 717 1873 773 unde
1902 716 2141 787 refectis,

539 814 756 872 Esuriit
779 813 950 869 solus.
984 812 1261 879 Quantum
1299 811 1388 867 his
1421 809 1727 884 dependere
1757 827 1899 866 curae

540 909 858 966 Dilectusve
890 918 911 943 ⁸
940 907 1048 963 fuit
1070 907 1096 961 εἲ
1128 906 1358 978 Caperet
1384 914 1644 980 tanquam
1675 906 1863 961 omnia
1891 904 2144 963 Christus

545 997 758 1065 Ofﬁcia,
791 1005 844 1052 et
870 994 1134 1051 membris
1162 1003 1280 1050 tum
1313 994 1776 1067 praesentissimus
1807 1002 1978 1064 esset;

543 1086 643 1142 Ille
672 1083 873 1157 pedum
905 1082 1090 1139 sordes
1119 1083 1376 1138 manibus
1411 1082 1682 1155 depellere
1716 1081 1902 1151 castis,

545 1175 852 1246 Osculaque
891 1172 1124 1229 extersis
1157 1172 1430 1229 instanter
1463 1172 1628 1243 ﬁgere
1657 1171 1892 1243 plantis;

542 1265 604 1322 Id
634 1264 828 1321 fecisse
858 1266 1052 1331 Deum,
1086 1271 1140 1319 et
1180 1263 1299 1318 ﬁeri
1323 1261 1571 1334 jussisse,
1601 1261 1835 1333 peritus.

543 1355 821 1413 Invalidos
843 1356 982 1411 mira
1006 1370 1220 1427 semper
1249 1353 1449 1425 pietate
1479 1353 1668 1410 refecit
1697 1371 1710 1420 ;

542 1447 837 1518 Desperata
865 1445 985 1514 diu,
1017 1461 1117 1502 nec
1148 1444 1264 1516 jam
1296 1443 1586 1499 medicalia
1617 1442 1808 1498 multis

542 1541 736 1596 Ulcera
763 1539 895 1596 dum
934 1540 1096 1608 fovit,
1130 1538 1346 1611 quoties
1378 1553 1409 1592 a
1447 1544 1622 1592 morte
1654 1538 1952 1608 resumpsit
1984 1536 2010 1592 ‘3

543 1630 645 1687 Hic
672 1631 831 1687 caecis
856 1631 1072 1699 oculus,
1105 1646 1198 1702 pes
1236 1629 1380 1685 idem
1417 1628 1655 1700 denique
1690 1625 1924 1694 claudis,

540 1720 984 1794 Pauperibusque
1022 1727 1183 1792 pater
1213 1737 1224 1774 :
1249 1720 1327 1776 sic
1357 1718 1618 1776 omnibus
1651 1718 1837 1774 omnia
1869 1716 2066 1786 factus,

541 1809 738 1867 Oﬂ'ecit
765 1811 955 1878 nullis,
990 1810 1225 1868 certavit
1256 1809 1472 1881 profore
1500 1807 1734 1864 cunctis.

611 1900 698 1957 61.
723 1900 971 1972 Cumque
1005 1899 1124 1971 ipso
1151 1906 1367 1955 tantum
1390 1897 1579 1953 videas
1602 1897 1706 1953 hoc
1731 1904 1978 1968 tempore
2006 1894 2143 1950 mul-

1960 1985 2072 2057 [tns

540 2079 788 2141 Secretos
816 2101 847 2139 a
875 2083 1036 2156 plebe
1066 2085 1208 2154 loco,
1241 2085 1506 2158 nulloque
1535 2083 1766 2156 pudore,

539 2172 809 2230 Aﬂ‘ectare
837 2173 1040 2230 animis
1067 2174 1258 2231 itidem
1291 2176 1580 2247 popularia
1612 2176 1778 2234 laxis:

539 2261 641 2319 Hic
669 2263 790 2319 vice
818 2279 1102 2332 conversa,
1137 2280 1260 2320 raro
1299 2263 1446 2336 quod
1484 2263 1720 2335 contigit
1747 2264 1872 2333 ulli,

537 2351 599 2407 In
629 2353 849 2425 populis
879 2352 1115 2410 nitidam
1144 2354 1342 2411 secreti
1375 2370 1602 2411 munere
1634 2355 1807 2411 vitam

537 2441 812 2499 Obtinuit.
844 2443 1109 2517 Quodque
1141 2444 1380 2512 mirum;
1417 2444 1701 2501 mundalia
1731 2451 1991 2512 tractans,

537 2533 767 2591 Fallacis
797 2535 1027 2591 minime
1061 2537 1234 2593 traxit
1261 2536 1514 2608 contagia
1545 2536 1758 2592 mundi.

536 2625 580 2679 Ο
611 2624 846 2679 mirum!
882 2624 1062 2696 piceas
1083 2640 1412 2698 quemquam
1443 2627 1764 2697 contingere
1793 2624 2000 2693 sordes,

536 2711 644 2768 Nec
674 2709 793 2785 pice
810 2711 1024 2769 fmdari.
1060 2713 1263 2770 Mirum
1290 2715 1301 2770 l
1336 2713 1483 2788 quod
1512 2714 1768 2771 conditus
1797 2713 1924 2770 imis

537 2801 682 2872 Ignis
709 2808 795 2856 eat
825 2801 1060 2870 sinibus,
1092 2811 1380 2877 vestesque
1410 2804 1657 2860 ferantur
1683 2804 1902 2860 inustaz.

606 2887 694 2943 6‘2.
736 2889 1004 2944 Curarum
1063 2905 1360 2963 permagna
1404 2893 1530 2961 fuit,
1571 2894 1876 2949 conducere
1924 2906 2137 2963 semper

537 2977 821 3048 Ecclesia,
863 2979 952 3035 cui
985 2987 1167 3036 rector
1195 2988 1330 3049 erat,
1362 2997 1635 3054 quamque
1661 2982 1853 3038 ordine
1885 2980 2026 3036 miro

535 3067 865 3140 Augmentis
905 3076 1108 3125 sanctae
1138 3085 1475 3141 componens
1503 3069 1832 3141 relligionis,

533 3157 784 3214 Instituit
810 3158 1022 3231 duplici
1053 3175 1218 3231 regna
1246 3159 1315 3216 ad
1346 3159 1590 3216 coelestia
1618 3176 1862 3234 quosque

533 3247 554 3300 Ι
563 3262 617 3302 re
646 3247 757 3303 via.
788 3248 928 3306 Sunt
958 3250 1211 3321 perfecta)
1244 3250 1480 3307 feliciter
1506 3250 1711 3317 ambm;

603 3405 625 3430 ι
655 3369 722 3428 Id
745 3377 821 3428 est
850 3372 1151 3443 diligentior.
1186 3373 1310 3430 Not.
1347 3391 1477 3431 mss.

608 3450 632 3486 δ
665 3454 978 3524 Πρακτέκήν,
1017 3453 1072 3508 id
1102 3463 1182 3510 est
1210 3454 1436 3510 activam
1469 3454 1653 3510 vitam.
1696 3457 1823 3513 Not.
1859 3471 1987 3513 mss.

603 3531 624 3596 ’ἦ
662 3524 732 3596 B.
763 3525 997 3580 Assueto
1027 3526 1265 3596 praxim.

603 3594 631 3629 ἀ
671 3594 736 3666 id
765 3602 838 3649 est
856 3594 1278 3666 contemplativa.
1310 3598 1435 3653 Not.
1468 3615 1598 3655 mss.

603 3675 623 3701 ο
664 3665 806 3720 Deus
847 3683 945 3736 per
989 3665 1230 3723 Isaiam:
1279 3667 1337 3722 Si
1391 3668 1730 3740 separaveris
1773 3671 2074 3742 pretiosum
2107 3689 2138 3727 a

1555 209 1794 267 HERICI
1831 208 2152 268 MONACHI
2189 206 2850 268 ANTISSIODORENSIS

3718 216 3858 272 H60

2173 371 2224 431 Α
2254 360 2339 416 Ad
2369 360 2569 417 coelum
2599 359 2835 416 tendunt
2867 358 3036 432 aequis
3065 356 3413 431 processibus
3441 359 3618 418 ambae
3644 381 3656 419 :

2254 452 2460 507 Laxius
2489 468 2599 507 una
2627 454 2834 507 vehens
2876 451 3020 523 (haec
3049 466 3163 507 esse
3192 450 3459 508 canonica
3487 451 3714 526 fertur),

2253 545 2585 621 Ηραδτιδήθδ
2611 557 2826 606 assueto
2851 559 2870 584 ο
2890 547 3007 620 jam
3049 547 3260 604 dudum
3311 566 3463 606 more
3505 551 3862 624 frequentat'

2252 641 2441 697 Altera
2470 641 2759 697 liminibus
2781 646 2931 697 arcta
2959 647 3040 696 est
3070 639 3204 695 hinc
3233 639 3364 696 inde
3390 642 3617 711 coactis,

2251 730 2363 786 Nec
2393 747 2486 802 per
2514 732 2676 803 plana
2709 729 2880 797 vehit,
2917 729 3148 784 molitur
3174 728 3240 784 ad
3265 729 3436 786 ardua
3465 746 3682 803 semper
3706 750 3721 798 ;

2255 830 2379 887 Haec
2410 838 2463 886 et
2491 830 2790 902 apostolica
2818 836 2918 897 est,
2950 828 3249 902 eademque
3279 826 3484 891 Οεορυωὶ
3506 833 3552 900 ἀ,
3579 840 3801 888 tantum

2252 923 2475 978 Secessu
2502 922 2762 995 gaudens,
2792 929 3000 978 secreto
3027 922 3150 976 laeta
3180 922 3428 993 perenni.

2253 1013 2403 1069 Hane
2433 1012 2761 1086 ingressuris
2791 1019 2910 1067 tum
2943 1010 3145 1069 moenia
3172 1011 3404 1083 pulchra
3435 1011 3659 1082 locavit,

2253 1100 2415 1158 Urbis
2444 1101 2511 1156 ab
2540 1108 2782 1173 aspectu,
2811 1100 3028 1157 tumido
3054 1117 3160 1174 qua
3185 1100 3462 1174 prominet
3489 1104 3640 1158 amni

2253 1193 2576 1266 Surgentem
2604 1193 2674 1248 ad
2703 1192 2992 1260 Phoebum,
3017 1191 3194 1247 ﬂuvio
3223 1201 3406 1249 tamen
3437 1192 3752 1264 interjecto,

2254 1284 2510 1340 Icaunam
2539 1283 2688 1340 dixit
2716 1299 2916 1339 nomen
2946 1282 3142 1354 largita
3166 1291 3430 1339 vetustas.

2253 1375 2369 1430 Hoc
2398 1373 2660 1430 distincta
2688 1373 2852 1430 modo
2882 1390 2998 1430 sors
3028 1375 3397 1433 ecclesiastica
3424 1376 3621 1446 crevit,

2254 1464 2440 1521 Crevit
2469 1465 2526 1520 in
2558 1465 2890 1522 immensum
2915 1484 2928 1533 ;
2953 1462 3267 1539 studiisque
3295 1467 3582 1540 rapacibus
3610 1483 3805 1524 omnes

2252 1561 2338 1616 Ad
2369 1568 2612 1617 sanctam
2644 1568 2793 1617 certo
2825 1559 3132 1632 migrabant
3163 1560 3356 1616 ordine
3384 1560 3575 1626 vitam,

2253 1649 2462 1706 Felices
2491 1657 2708 1722 pastore
2737 1649 2904 1716 bono,
2938 1665 3099 1722 quem
3125 1647 3327 1720 praevia
3353 1649 3531 1704 virtus

2173 1739 2218 1798 B
2251 1739 2475 1794 Fecerat
2503 1740 2802 1812 egregium,
2839 1737 3283 1811 proponebatque
3318 1738 3679 1812 sequendum.

2253 1830 2388 1897 Quis
2418 1848 2529 1886 non
2561 1831 2757 1888 civiles
2786 1830 2884 1888 tali
2913 1847 3039 1887 cum
3072 1831 3300 1903 praesule
3332 1847 3508 1887 mores

2255 1919 2600 1992 Conciperet,
2633 1937 2947 1994 quanquam
2978 1919 3142 1976 modo
3177 1920 3442 1976 barbarus
3479 1919 3574 1975 ille
3611 1919 3844 1975 venisset

3395 2009 3485 2084 [Β.
3520 2010 3739 2084 fuisset]
3763 2011 3786 2065 ἒ

2253 2100 2387 2168 Quis
2417 2099 2545 2157 fidei
2576 2107 2756 2175 posset
2786 2117 2958 2174 purus
2986 2117 3100 2157 non
3131 2100 3344 2157 fervere
3367 2100 3567 2169 cultor,

2251 2190 2370 2248 Etsi
2402 2191 2459 2246 in
2488 2198 2780 2248 centenum
2807 2191 3024 2263 juratus
3058 2207 3206 2248 sacra
3236 2191 3464 2246 deorum
3489 2191 3517 2246 ‘I

2251 2281 2386 2347 Quis
2410 2281 2558 2336 ferus
2589 2298 2761 2354 usque
2790 2281 2946 2349 adeo,
2981 2297 3143 2354 quem
3174 2298 3284 2337 non
3310 2281 3592 2337 mitescere
3621 2279 3792 2335 sancti

2252 2372 2437 2428 Gratia
2469 2371 2845 2443 compulerit?
2874 2371 3166 2444 Nunquam
3194 2371 3540 2427 sermonibus
3568 2371 3663 2427 ille

2250 2463 2384 2519 Rem
2416 2462 2580 2534 gessit
2609 2468 2823 2518 tantum
2849 2480 2863 2531 ;
2899 2470 3110 2534 poterat
3139 2463 3219 2520 sic
3248 2461 3482 2534 denique
3515 2461 3722 2534 sperni.

2249 2552 2307 2609 Si
2337 2569 2450 2608 non
2480 2561 2532 2608 et
2565 2552 2769 2610 faceret
2794 2571 2805 2609 :
2840 2552 3385 2626 contemnendusque
3416 2559 3642 2624 putatur

2250 2650 2455 2705 Doctor
2487 2647 2543 2703 in
2575 2648 2833 2720 eloquiis.
2866 2648 2975 2704 nisi
3004 2649 3109 2704 fert
3139 2647 3396 2720 suffragia
3427 2646 3621 2702 factis:

2247 2737 2456 2806 Quave,
2491 2739 2637 2810 quod
2667 2748 2748 2796 est
2778 2739 2999 2796 Christo
3028 2740 3276 2807 charum,
3313 2737 3614 2794 subducere
3646 2736 3747 2790 vili

2247 2828 2379 2884 Arte
2410 2835 2572 2900 queat
2611 2829 2788 2885 Iuleos
2819 2828 3083 2884 exhalans
3113 2828 3344 2902 quisque
3387 2843 3636 2901 vapores,

2248 2921 2426 2992 Usque
2459 2918 2556 2974 Dei
2587 2917 2720 2988 dici,
2752 2935 2865 2976 non
2897 2927 2979 2976 est
3008 2919 3199 2975 eﬂ'erre
3228 2920 3460 2976 facultas
3485 2928 3528 2976 ⁸.

2315 3009 2402 3065 63.
2448 3009 2665 3067 Tertius
2695 3017 2756 3064 ut
2787 3010 2966 3082 capiat
2995 3009 3167 3082 signis
3199 3008 3426 3065 exordia
3457 3009 3616 3076 liber,

2168 3106 2212 3167 (Γ,
2243 3099 2473 3155 Morales
2509 3115 2700 3171 operas
2730 3098 2907 3170 poscit
2936 3098 3097 3154 finire
3125 3098 3434 3165 secundus;

2246 3188 2476 3260 Indigna
2499 3204 2812 3261 quanquam
2843 3189 2964 3260 cogi
2995 3189 3263 3245 brevitate
3289 3195 3568 3260 queratur.

2248 3384 2372 3454 vili,
2409 3386 2562 3458 quasi
2595 3403 2655 3442 os
2686 3402 2868 3442 meum
2899 3385 3026 3442 eris.
3069 3386 3198 3445 Vilis
3224 3391 3301 3442 est
3337 3385 3442 3441 Deo
3477 3383 3839 3458 higmrmdus,

2241 3455 2555 3538 pretiosum,
2589 3459 2771 3513 anima
2802 3459 2874 3514 ad
2901 3459 3180 3538 imaginem
3209 3463 3509 3538 sutcreata.
3544 3455 3680 3538 Not.
3713 3470 3839 3538 mss.

2248 3526 2386 3602 ibid.
2420 3529 2621 3585 Sensus
2645 3547 2772 3602 ergo
2793 3538 2874 3586 est
2899 3549 2908 3586 :
2945 3526 3066 3587 Dici
3087 3547 3198 3586 non
3223 3537 3401 3602 potest
3427 3544 3534 3602 quo
3564 3534 3722 3602 pacto
3746 3526 3838 3602 ille

2248 3600 2462 3674 animas
2509 3603 2622 3656 Deo
2667 3598 2868 3674 lucrari
2907 3602 3160 3674 doctrina
3202 3598 3394 3674 possit,
3441 3598 3534 3672 qui
3567 3598 3840 3656 doctrinae

2248 3673 2566 3743 exemplum
2599 3689 2709 3729 non
2740 3672 2826 3744 adj
2834 3689 2905 3730 un
2913 3673 3010 3746 git.

1712 3938 2103 4004 PRIEFATIO
2148 3939 2351 4005 LIBRI
2394 3941 2668 4022 TEBTII,

1851 4078 2131 4155 Μονοκῳλῶ
2167 4070 2517 4156 explicata.

588 4316 1131 4391 64.6yranticuneos
1144 4317 1541 4377 Christicolum
1558 4333 1694 4393 quos
1706 4317 1910 4378 humus
1922 4322 2126 4379 extulit
2165 4329 2214 4397 1')
2242 4321 2332 4380 Sic
2362 4323 2526 4381 donis
2553 4323 2807 4381 homines
2837 4323 3134 4381 munificus
3162 4320 3400 4396 Spiritus
3431 4322 3652 4389 imbuit,

531 4422 785 4478 Occurrit
809 4422 948 4478 ratio
977 4439 1103 4480 cum
1136 4421 1457 4492 vehemens,
1488 4431 1607 4486 tum
1637 4422 1994 4492 moderatior,

529 4511 724 4569 Lector
744 4528 873 4584 pace
903 4521 1020 4582 tua,
1050 4529 1216 4587 quam
1245 4512 1410 4570 liceat
1429 4513 1658 4586 prodere
1679 4513 1873 4584 purius
1898 4530 1908 4568 :

524 4600 676 4658 Nulli
700 4602 897 4659 deterit
924 4604 1041 4659 haac
1069 4603 1236 4659 oﬂicii
1261 4602 1752 4675 magnificentiam.

523 4689 822 4762 Inspectes,
852 4692 1022 4747 alium
1053 4691 1377 4748 muneribus
1406 4692 1679 4765 dogmatis
1709 4691 1911 4764 inclyti

522 4779 866 4850 Praepollere,
900 4782 1072 4836 alium
1105 4798 1204 4854 pro
1239 4781 1452 4838 meritis
1471 4781 1734 4839 scandere
1766 4782 1963 4852 sidera,

521 4869 680 4925 Hunc
710 4867 881 4940 signis
913 4869 1183 4927 celebrem
1210 4870 1473 4928 clarificat
1501 4871 1647 4926 fama
1675 4870 1906 4940 beatior,

521 4955 634 5013 Vix
658 4973 832 5012 unum
866 4957 1117 5014 invenias
1137 4960 1226 5015 cui
1259 4959 1424 5014 semel
1458 4959 1574 5016 haec
1603 4960 1790 5015 omnia
1818 4961 2119 5019 conﬂuant.

518 5047 763 5121 Vulgant
793 5047 1064 5104 Hilarium
1086 5057 1108 5084 ³
1138 5048 1408 5121 septiﬁdis
1440 5050 1652 5106 artibus
1681 5050 1956 5126 inclytum
1980 5073 1993 5124 ;

515 5139 786 5196 Martinus
815 5139 838 5175 δ
869 5141 1052 5197 titulis
1077 5140 1418 5213 sigmpotens
1455 5149 1601 5198 astra
1632 5143 1972 5213 reverberat;

514 5229 758 5288 Palmam
775 5231 1047 5288 sanctiﬁci
1060 5231 1327 5304 propositi
1343 5233 1619 5290 Antonius
1633 5232 1860 5307 tulit[B.
1878 5235 2118 5312 intulit]:

514 5320 709 5380 Clarus
733 5324 964 5398 quisque
990 5340 1087 5380 sua
1117 5323 1276 5380 laude
1301 5324 1442 5381 nitet
1474 5332 1723 5399 tempore
1743 5326 1973 5400 perpeti.

584 5450 1031 5526 sl?_ictaviensem
1072 5451 1282 5509 scilicet
1339 5450 1676 5526 episcopum.
1738 5454 2023 5526 Septiﬁdis,
2059 5454 2117 5510 id

515 5525 596 5572 est
627 5521 969 5580 liberalibus.

584 5611 608 5646 b
645 5591 914 5649 Martinus
943 5595 1109 5666 episc.
1155 5595 1508 5666 Turonensis,
1551 5597 1711 5668 longe
1762 5595 2112 5668 notissimus,

2238 4413 2366 4481 Qui,
2395 4431 2520 4470 cum
2551 4413 2880 4487 simpliciter
2903 4414 3235 4487 simpliﬁcus
3264 4413 3474 4470 substet
3504 4421 3557 4468 et
3584 4411 3810 4479 unicus,

2239 4503 2322 4560 Ob
2349 4503 2582 4561 fecunda
2609 4512 2795 4561 tamen
2825 4506 3124 4579 multiplici
3156 4505 3283 4561 dote
3311 4503 3660 4561 charismata.

2238 4591 2489 4649 Caelestis
2518 4594 2701 4666 potius
2729 4595 3047 4667 septiﬂuum
3078 4594 3275 4666 pagina
3294 4600 3612 4664 concrepat.

2306 4683 2395 4740 65.
2437 4684 2481 4740 Ο
2507 4692 2694 4758 terque
2717 4693 2879 4757 atque
2905 4694 3100 4758 quater
3124 4683 3501 4757 magniﬁcum,
3525 4689 3580 4737 et
3598 4680 3846 4754 denique

3511 4769 3774 4844 [millies,

2235 4863 2340 4920 Uni
2370 4863 2465 4936 qui
2497 4865 2699 4921 meruit
2728 4865 2868 4922 forte
2897 4866 3044 4923 bono
3073 4864 3458 4938 participarier
3487 4864 3499 4918 2

2234 4951 2304 5009 Ut
2333 4953 2400 5010 de
2431 4954 2529 5009 illo
2558 4954 2771 5023 sileam,
2803 4957 2897 5028 qui
2929 4956 3201 5030 siquidem
3233 4953 3472 5027 plurima
3496 4949 3719 5007 rettulit
3748 4969 3763 5015 ;

2234 5041 2337 5099 Hic
2366 5042 2689 5113 Germanus,
2722 5043 2814 5100 hic
2843 5053 2943 5114 est,
2973 5045 3061 5101 cui
3094 5044 3291 5100 melico
3326 5040 3442 5114 [B.,
3478 5038 3682 5112 lyrico]
3715 5055 3851 5094 car-

3208 5131 3382 5206 [mine
3409 5129 3737 5202 plandimus
3762 5147 3776 5184 :

2231 5221 2392 5280 Hunc
2424 5230 2585 5280 ornat
2612 5231 2795 5304 σοφίας
2821 5227 3090 5293 καθολιχῆς
3112 5233 3132 5258 ε
3160 5238 3376 5277 summa
3408 5219 3636 5292 peritia;

2231 5321 2335 5380 Hic
2363 5321 2526 5380 claris
2557 5323 2768 5381 meritis
2796 5323 3028 5381 inferior
3056 5322 3277 5380 nemine
3309 5320 3529 5377 fulserit
3553 5337 3565 5374 :

2229 5446 2689 5520 quemadmodum
2721 5453 2774 5502 et
2804 5446 2858 5503 S.
2890 5445 3171 5503 Antonius
3201 5444 3388 5513 abbas,
3428 5444 3522 5519 qui
3564 5441 3853 5514 sequitur.

2319 5530 2492 5592 θΣοίας
2512 5525 2812 5595 καθολικῆςι
2847 5527 2907 5581 id
2929 5533 3001 5582 est
3029 5525 3302 5598 sapientia:
3334 5523 3670 5580 universalis.
3714 5522 3852 5577 Not.

2237 5613 2370 5656 D188.
