4074 6186
263 236 387 292 1161

1318 238 1413 295 DE
1454 239 1623 297 VITA
1654 238 1709 298 S.
1752 242 2092 303 GERMANI.
2135 275 2201 288 --
2240 245 2353 303 LIB
2392 247 2487 304 IlI.

3414 258 3550 318 1162

261 390 417 445 Hunc
460 403 558 460 per
585 388 739 460 signa
767 396 952 446 tamen
984 390 1290 463 magniﬁcis
1327 393 1517 448 confer
1560 398 1839 467 apostolis,
1872 403 1923 463 Α
1946 398 2163 454 Stantes
2197 400 2462 469 ecclesize,
2495 409 2550 458 et
2578 402 2790 462 vivifici
2824 403 3079 477 symbola
3107 408 3368 468 nominis.

259 478 307 534 Si
340 493 451 533 non
479 477 711 533 assimili
739 477 863 549 jure
891 488 1084 551 potens
1114 479 1204 537 hic
1234 486 1451 554 quoque
1467 484 1767 556 splendeat.

260 566 429 622 Testis
460 567 714 638 proluvie
742 568 945 636 Pelagii
976 578 1230 642 exempta
1254 570 1571 640 Britannia;

259 655 446 724 Testis,
481 672 587 728 qua
610 656 812 728 rigidas
843 658 937 714 ille
966 676 1153 716 cruces
1181 661 1382 717 cellula
1407 663 1669 733 pertulit;

255 745 452 813 Testes,
483 761 590 819 qua
624 745 843 804 facilem
869 764 1103 821 cumque
1119 748 1312 821 pedem
1342 752 1430 807 vel
1451 752 1840 822 semelintulit,

258 897 568 906 —-—————

1646 902 3466 930 ————_.—__.____.___________“_

1951 486 2214 543 Excursis
2241 486 2411 559 igitur
2438 490 2712 564 principio
2750 494 2997 551 moribus
3018 496 3263 569 optimis,

1951 573 2108 631 Ultro
2136 575 2291 647 signa
2317 588 2518 635 vocant
2555 581 2866 653 quadriﬁdo
2896 583 3027 639 orbe
3055 584 3331 642 micantia.

1953 665 2072 723 Huc
2106 682 2205 721 nos
2242 667 2503 741 auspiciis
2540 668 2619 724 ire
2657 669 2838 739 bonis,
2874 672 3102 746 inclyte,
3135 674 3408 732 luminum

1951 756 2095 812 Fons
2121 756 2376 832 idemque
2413 767 2565 833 pater
2590 761 2686 834 qui
2716 764 2916 823 merito
2953 766 3173 837 diceris,
3206 787 3404 829 annue.

1516 1019 1784 1093 LIBER
1860 1021 2268 1100 TERTIUS.

1689 1180 2113 1195 ﬂ

762 1288 993 1365 CAPUT
1030 1306 1323 1366 PRIMUM.

254 1425 483 1481 Potestas
530 1424 643 1494 ejus
697 1423 961 1557 mirabilis
1014 1426 1073 1479 in
1107 1426 1375 1509 daemones
1397 1446 1418 1493 ;
1461 1428 1728 1485 conversio
1776 1430 1832 1488 S.

927 1504 1194 1555 amertmt.

927 1504 1194 1555 amertini.

311 1647 398 1704 66.
442 1647 748 1705 Creverunt
778 1648 929 1716 miri,
972 1649 1185 1705 meritis
1231 1649 1625 1719 crescentibus,
1658 1657 1831 1720 actus,

241 1737 640 1811 Famosumque
662 1739 784 1793 viro
812 1755 908 1811 per
936 1738 1091 1809 signa
1116 1739 1362 1811 potentia
1388 1756 1588 1797 nomen

241 1827 492 1884 Elicuere
530 1846 756 1897 cruces;
793 1846 1024 1901 quarum
1056 1846 1164 1901 quo
1193 1829 1386 1886 durior
1412 1848 1563 1899 usus,

234 1917 350 1974 Hoc
386 1918 442 1973 in
472 1918 752 1991 patrandis
781 1920 976 1975 melior
1007 1922 1321 1992 praestantia
1350 1920 1524 1976 miris.

232 2007 579 2079 Principium
602 2009 732 2063 tulit
760 2008 868 2077 his,
898 2026 1010 2064 non
1040 2009 1379 2075 experientia
1403 2007 1547 2079 juris

230 2098 389 2156 Vana
412 2099 520 2167 sui,
548 2116 668 2165 nec,
701 2115 807 2170 qua
835 2100 1109 2170 quondam
1142 2099 1437 2169 capiuntur
1466 2100 1688 2166 inertes,

227 2193 590 2248 Exautoratae
620 2190 760 2245 levis
789 2189 1163 2245 inconstantia
1192 2190 1429 2255 mentis;

227 2282 443 2339 Verum
475 2287 607 2335 nota
634 2278 797 2334 bonis
826 2277 955 2334 fessi
985 2278 1288 2351 compassio
1319 2278 1524 2347 fratris,

222 2371 323 2428 Cui
346 2386 469 2426 non
500 2369 641 2425 ferre
673 2385 896 2425 manum
926 2385 1049 2441 pars
1069 2377 1149 2424 est
1178 2368 1405 2441 indigna
1434 2375 1615 2424 reatus
1643 2380 1686 2424 ³.

291 2461 389 2518 67.
421 2458 641 2515 Extulit
671 2458 767 2515 illa
797 2459 981 2514 virum
1013 2458 1212 2515 studiis
1232 2457 1539 2530 frugalibus
1559 2466 1709 2527 aetas,

219 2554 444 2611 Ofﬁciis
473 2552 712 2608 habilem
749 2551 979 2625 primis;
1013 2552 1305 2608 Ianuarius
1341 2551 1439 2606 olli

218 2644 551 2715 Cognomen
582 2641 786 2714 gentile
815 2641 943 2709 fuit,
976 2642 1079 2698 sub
1110 2641 1339 2714 praeside
1363 2643 1616 2715 princeps

216 2736 492 2792 Delectus
522 2733 703 2805 pensis
733 2741 947 2806 gentem
981 2734 1214 2789 multare
1253 2733 1498 2791 tributis.

216 2824 499 2881 Ponderis
528 2823 707 2879 exacti
739 2830 1050 2895 congestam
1081 2830 1328 2895 tempore
1378 2838 1648 2879 summam

216 2917 392 2971 Forte
424 2912 631 2969 ferebat
651 2928 735 2981 eo,
760 2912 937 2984 plenis
964 2922 1025 2968 ut
1056 2913 1164 2967 lata
1193 2912 1472 2969 crumenis

216 3005 475 3062 Adderet
499 3005 733 3061 exoticis
757 3002 948 3060 aeraria
969 3004 1187 3076 publica
1210 3004 1371 3076 gazis.

212 3094 289 3164 Is,
332 3095 490 3170 quod
520 3102 635 3152 erat
664 3095 837 3151 sancti
869 3093 1099 3150 devotus
1138 3111 1306 3150 verna
1327 3092 1562 3160 timoris,

213 3186 426 3243 Visere
457 3184 773 3257 pontiﬁcem
805 3184 1036 3255 vestigia
1064 3183 1224 3240 torsit
1250 3184 1309 3238 in
1339 3183 1553 3252 urbem,

209 3276 526 3348 Indignum
549 3276 748 3350 pietate
776 3283 947 3345 ratus,
965 3292 1092 3334 cum
1120 3276 1373 3334 cominus
1395 3276 1512 3346 (B.,
1534 3273 1824 3434 p[roximus

1589 3371 1750 3430 esset,

1589 3371 1750 3430 esset,

206 3453 572 3514 Praeteriisse
616 3456 801 3509 virum
833 3473 843 3509 :
879 3454 1009 3509 tulit
1052 3453 1185 3508 hinc
1212 3452 1279 3507 ad
1326 3451 1529 3507 moenia
1558 3466 1821 3522 gressum.

201 3547 350 3604 Mox
375 3543 667 3614 vectigalis
694 3556 882 3612 passus
911 3539 1198 3610 dispendia
1234 3538 1396 3607 sacci,

199 3639 337 3695 1am
377 3650 509 3692 reus
529 3637 698 3698 est,et
728 3628 909 3686 adhuc
935 3629 1131 3700 capitis
1160 3628 1487 3686 discrimina
1532 3631 1705 3687 nescit
1740 3649 1751 3688 :

195 3725 485 3784 Amissos
515 3720 698 3792 rapuit
729 3735 987 3792 pervasus
1007 3720 1253 3776 daemone
1270 3718 1495 3792 quidam
1519 3737 1533 3787 ;

195 3816 364 3876 Cum
388 3826 551 3867 sacco
563 3826 821 3866 nummos
847 3830 857 3867 :
881 3826 1117 3883 cumque
1150 3812 1364 3868 adforet
1391 3811 1596 3867 arbiter
1623 3812 1827 3883 omnis,

197 3902 496 3965 Condidit
531 3902 585 3956 in
614 3901 867 3957 latebras.
893 3902 1119 3957 Damnis
1149 3902 1439 3959 addictus“
1462 3902 1681 3970 amaris,

197 3999 252 4053 A
283 4007 550 4067 quonam
572 3997 781 4064 repetat
812 3978 959 4063 quod
988 4008 1099 4048 non
1120 3991 1460 4049 commiserit
1490 3989 1593 4049 ulli
1626 3992 1654 4049 7

200 4082 454 4141 Anxius
476 4082 703 4139 incertis
723 4083 910 4155 opplet
930 4081 1319 4155 conquestibus
1347 4080 1540 4139 urbem
1565 4099 1579 4152 ;

203 4179 390 4250 Itque
425 4173 679 4247 reditque
699 4174 879 4243 viam;
911 4192 1017 4248 qua
1041 4190 1189 4232 nunc
1208 4173 1439 4246 vestigia
1458 4173 1675 4248 pressit,

199 4263 622 4339 Nequidquam
650 4265 931 4337 relegens;
982 4265 1129 4337 quod
1180 4282 1266 4321 res
1295 4265 1577 4337 incognita
1609 4271 1829 4337 perstat.

205 4354 511 4427 Collapsis
542 4353 760 4427 spebus,
792 4354 908 4410 sola
936 4353 1053 4411 haec
1075 4352 1349 4409 sententia
1378 4352 1579 4411 mansit

205 4448 277 4503 In
305 4451 577 4502 sanctum
596 4446 891 4502 transferre
920 4444 1102 4500 virum
1133 4445 1475 4516 reparamina
1503 4443 1725 4511 damni;

208 4536 401 4593 Hunc
450 4536 727 4609 precibus,
756 4535 907 4594 hunc
935 4544 989 4593 et
1035 4535 1296 4608 lacrymis
1344 4536 1614 4592 incessere
1650 4534 1833 4607 veris;

205 4625 400 4683 Haud
436 4627 598 4683 aliter
625 4642 790 4700 quam
821 4625 1085 4699 depositis
1114 4626 1388 4682 obnoxius
1418 4632 1577 4684 esset.

212 4717 460 4775 Praesul
486 4718 722 4790 lugentis
750 4725 951 4775 sortem
975 4718 1267 4774 miseratus
1294 4716 1563 4789 iniquam,

205 4809 413 4865 Posse
453 4807 742 4864 reformari
768 4807 1001 4880 spondet
1027 4806 1316 4881 dispendia
1343 4806 1460 4864 ﬁsci
1494 4823 1507 4862 :

214 4897 534 4957 Femineis
561 4899 812 4954 animum
841 4898 979 4953 velit
1006 4914 1303 4954 exonerare
1323 4894 1560 4969 querelis
1591 4911 1603 4952 :

208 4985 511 5046 Praesulis
537 4986 781 5043 edictum
809 4994 926 5043 tota
954 5003 1087 5042 mox
1118 4986 1252 5041 urbe
1270 4984 1560 5056 pependit;

211 5074 681 5147 Quaerendaeque
710 5074 789 5130 rei
818 5073 993 5129 tridui
1023 5071 1220 5129 dilatio
1248 5072 1442 5127 fertur.

296 5162 408 5220 68.
448 5161 565 5218 Hoc
592 5163 760 5219 miser
788 5178 1048 5235 expenso,
1089 5169 1330 5234 votoque
1359 5159 1543 5216 elusus
1564 5156 1737 5227 inani,

212 5247 561 5327 Impatiens
587 5250 723 5320 ruit,
754 5267 816 5308 ac
846 5250 1021 5309 sancti
1050 5249 1283 5323 vestigia
1308 5249 1600 5321 stringens,

302 5422 333 5451 ι
365 5407 511 5466 Haec
540 5407 784 5465 breviter
799 5413 990 5464 auctor
1018 5405 1161 5467 Vitae
1190 5404 1451 5480 prosaicae
1481 5425 1492 5464 :
1542 5432 1560 5456 ‹
1596 5409 1667 5464 Et
1695 5415 1757 5464 ut
1785 5410 1854 5467 ad

216 5489 602 5541 tentamenta
633 5482 926 5547 virtutum,
959 5479 1329 5538 crescentibus
1358 5480 1589 5548 meritis,
1629 5480 1855 5537 venire—

211 5564 351 5621 tur,
372 5567 499 5608 non
516 5553 978 5625 praesumptionis,
999 5552 1093 5609 sed
1113 5552 1502 5610 misericordia;
1520 5551 1853 5625 principium

213 5627 378 5685 fuit.
422 5647 446 5671 ι

556 5723 800 5781 PATROL.
843 5722 1094 5782 CXXIV.

1945 1287 2173 1345 Publica
2202 1288 2259 1344 ni
2290 1289 2458 1346 fuerit
2494 1300 2774 1366 comperta
2798 1296 3049 1368 pecunia,
3092 1297 3259 1371 dixit,

1943 1376 2062 1432 1am
2100 1377 2295 1451 laqueo
2324 1379 2516 1437 elisam
2554 1380 2712 1438 ﬂebis
2748 1384 3027 1444 discedere
3067 1390 3261 1449 vitam.

1944 1465 2088 1531 Quid
2119 1468 2282 1539 pietis
2308 1477 2489 1541 ageret
2515 1470 2543 1525 7
2571 1472 2733 1528 Iubet
2762 1490 2790 1530 e
2815 1477 3150 1548 patientibus
3178 1497 3349 1539 unum

1943 1554 2149 1613 Acciri.
2182 1558 2323 1615 Casu
2356 1561 2577 1617 sceleris
2601 1562 2895 1620 deducitur
2924 1575 3137 1626 auctor.

1942 1644 2198 1717 Imperat,
2228 1647 2408 1705 edicat
2444 1649 2589 1721 pacti
2617 1653 2871 1726 contagia
2906 1656 3062 1714 furti.

1862 1727 1907 1786 B
1939 1733 2039 1789 Ille
2070 1735 2221 1792 fovet
2260 1737 2543 1796 latebram.
2573 1740 2809 1799 Produci
2840 1743 2900 1800 in
2942 1744 3099 1817 plebe
3137 1756 3425 1820 negantem

1942 1822 2074 1911 Mox
2103 1824 2263 1896 jubet
2296 1845 2308 1882 :
2340 1827 2474 1885 hinc
2501 1830 2673 1887 sacris
2698 1847 2814 1889 sese
2844 1834 3165 1892 solemniter
3192 1845 3340 1911 aptat
3374 1858 3385 1897 :

1943 1910 2120 1969 Elatis
2150 1915 2403 1972 manibus
2430 1918 2644 1988 plebem
2673 1921 2741 1977 de
2780 1937 2932 1979 more
2968 1924 3212 1983 salutans

1944 2000 2240 2074 Sternitur,
2282 2013 2336 2061 et
2375 2013 2575 2063 terram
2616 2020 2867 2081 porrecto
2904 2028 3132 2087 corpore
3165 2030 3435 2088 pressans,

1942 2091 2198 2162 Ingemit.
2230 2094 2451 2153 Orantis
2488 2095 2791 2156 hauserunt
2827 2102 3006 2159 sidera
3042 2119 3255 2163 vocem.

1941 2180 2053 2236 Nec
2082 2199 2253 2250 mora,
2302 2191 2421 2240 tum
2468 2188 2720 2245 volucres
2772 2193 2954 2262 agitur
2983 2195 3237 2269 captivus
3266 2198 3325 2254 in
3364 2216 3538 2256 auras.

1943 2269 2244 2342 Suppliciis
2272 2273 2465 2329 saltem
2504 2277 2621 2332 veri
2651 2278 2981 2337 documenta
3009 2283 3256 2343 daturus.

1942 2358 2247 2415 Ecclesiam
2279 2362 2505 2433 clamor,
2544 2370 2809 2439 populum
2842 2372 3137 2443 trepidatio
3174 2376 3431 2449 complet.

1941 2448 2163 2505 Extulit
2202 2451 2299 2507 illa
2327 2452 2445 2510 dies
2472 2456 2629 2512 miris
2666 2463 2976 2531 spectacula
3012 2463 3192 2535 rebus,

1940 2537 2098 2604 Quod
2138 2555 2263 2596 reus
2298 2550 2352 2597 et
2384 2542 2558 2615 judex
2584 2548 2697 2603 acri
2736 2551 3037 2608 certamine
3073 2571 3291 2611 causam

1939 2625 2265 2697 Expendere
2303 2647 2456 2687 suam
2494 2652 2506 2689 :
2543 2632 2688 2705 jacet
2715 2634 2828 2706 hic,
2865 2641 3294 2711 attolliturille;

1939 2715 2045 2805 Iste
2073 2717 2253 2772 solum
2290 2720 2561 2790 precibus,
2592 2734 2786 2783 ventos
2816 2731 3016 2799 premit
3055 2731 3149 2786 ille
3179 2732 3416 2805 querelis
3449 2752 3461 2801 ;

1939 2803 2185 2876 Contigit
2217 2806 2309 2863 hic
2341 2817 2562 2880 terram,
2598 2813 2739 2885 fugit
2768 2815 2860 2871 hic
2898 2803 3216 2890 contingere
3240 2829 3464 2889 terram,

1937 2891 2090 2948 Stare
2120 2895 2240 2952 loco
2280 2896 2479 2953 infelix
2518 2901 2797 2958 modicum
2837 2920 2948 2961 non
2978 2923 3142 2964 ausus
3178 2910 3390 2981 eodem,

1936 2982 2016 3038 Λα
2041 2985 2195 3041 velut
2225 2985 2434 3059 ingenti
2472 2991 2929 3051 circumvallatus
2966 2995 3034 3051 ab
3070 2998 3215 3069 igne,

1861 3088 1905 3148 α
1938 3073 2270 3134 Germanum
2316 3078 2596 3149 inclamat,
2638 3083 2956 3158 crimenque
3002 3105 3072 3144 ex
3126 3090 3319 3147 ordine
3359 3092 3533 3150 fassus

1935 3165 2165 3238 Digerit.
2191 3168 2439 3226 Antistes
2463 3179 2615 3229 artus
2648 3189 2677 3229 e
2714 3177 2942 3247 pulvere
2983 3180 3203 3250 tollens,

1938 3255 2193 3313 Concivit
2220 3259 2504 3329 miserum,
2533 3279 2827 3338 coramque
2864 3268 3114 3324 assistere
3140 3268 3325 3341 jussit,

1937 3347 2108 3420 Inque
2137 3365 2294 3405 aures
2323 3352 2513 3424 populi
2541 3354 2736 3410 seriem
2767 3372 3082 3427 percurrere
3106 3358 3240 3415 furti
3274 3379 3287 3429 ;

1937 3435 2094 3504 Quod
2120 3448 2385 3510 superest,
2428 3442 2574 3498 notis
2603 3444 2811 3502 solidos
2838 3447 3028 3503 efferre
3059 3448 3300 3506 latebris.

1936 3526 2128 3583 Elatus
2157 3530 2345 3602 populi
2384 3533 2633 3604 percellit
2671 3535 2850 3592 sidera
2877 3537 3103 3607 clamor,

1937 3614 2195 3673 Germani
2227 3620 2485 3678 meritum
2519 3620 2833 3697 Christique
2861 3624 3101 3698 insignia
3138 3635 3363 3685 testans.

2007 3709 2093 3768 69.
2126 3713 2342 3771 Dicitur
2361 3716 2620 3787 auspiciis
2650 3719 2767 3776 haec
2790 3720 3132 3792 experientia
3168 3723 3360 3795 primis

1938 3798 2289 3873 Applausisse
2316 3805 2458 3876 viro,
2492 3824 2576 3863 res
2605 3815 2685 3865 est
2711 3809 2857 3883 quod
2888 3809 3104 3883 publice
3134 3821 3319 3884 gesta;

1939 3888 2090 3960 Saepe
2122 3899 2303 3950 tamen
2339 3895 2501 3954 ﬂatus
2532 3908 2553 3936 °
2578 3907 2887 3957 extruserat
2925 3902 3019 3957 ille
3049 3903 3311 3975 superbos
3342 3921 3356 3967 ;

1941 3984 2144 4042 Secreti
2182 3992 2414 4062 cupidus
2447 3998 2624 4053 voluit
2653 3999 2747 4054 sed
2785 4000 3013 4071 prodere
3055 4001 3217 4058 nulli.

2015 4077 2099 4133 70.
2132 4079 2269 4136 Cum
2296 4090 2484 4138 sancto
2509 4094 2688 4154 partes
2716 4087 2916 4144 infessa
2946 4090 3043 4143 lite
3078 4093 3313 4148 sinistra:

1943 4168 2231 4227 Certavere
2261 4171 2383 4227 viro
2406 4191 2420 4239 ;
2455 4173 2692 4245 quodam
2722 4176 2817 4231 sed
2847 4186 3092 4248 tempore
3117 4180 3326 4236 bellum

1942 4258 2140 4315 Acrius
2170 4259 2423 4317 incubuit
2452 4279 2465 4331 ;
2501 4263 2782 4336 multaque
2810 4264 2961 4321 hunc
2993 4273 3108 4321 arte
3140 4267 3373 4339 petitum

1944 4348 2015 4406 Ut
2046 4349 2232 4406 videre
2262 4350 2376 4407 suis
2416 4350 2666 4423 patulum
2705 4369 2818 4409 non
2861 4354 3053 4412 cedere
3079 4356 3222 4426 telis,

1861 4485 1911 4544 Β
1951 4438 2288 4511 Conceptum
2315 4440 2418 4497 sub
2447 4441 2610 4499 corde
2638 4443 2790 4500 nefas
2819 4444 2879 4500 in
2907 4444 3111 4501 damna
3146 4447 3321 4502 tulere

1945 4531 2129 4587 Plebis
2163 4549 2176 4600 ;
2220 4531 2278 4588 in
2325 4532 2468 4592 hanc
2514 4543 2662 4593 atras
2690 4536 2910 4594 tandem
2948 4554 3207 4595 exeruere
3247 4537 3548 4613 pharetras.

1951 4620 2231 4679 Continuo
2264 4622 2390 4678 latis
2414 4624 2599 4682 clades
2627 4625 2915 4684 incanduit
2943 4627 3111 4698 arvis,

1949 4712 2188 4788 Diraque
2215 4733 2312 4790 per
2343 4726 2562 4775 vastum
2592 4728 2810 4793 reptant
2847 4721 3100 4794 contagia
3126 4720 3347 4794 vulgus.

1952 4801 2189 4874 Spiritus
2225 4805 2249 4844 ἀ
2291 4806 2525 4865 obsessis
2562 4825 2768 4881 angens
2796 4810 3097 4883 praecordia
3134 4811 3411 4881 claustris,

1953 4892 2227 4967 JEgraque
2257 4913 2353 4969 per
2388 4898 2629 4957 tumidas
2654 4900 2880 4974 adigens
2906 4902 3141 4973 suspiria
3172 4903 3376 4970 fauces,

1956 4980 2237 5056 Compulit
2274 4988 2477 5044 infesto
2506 4991 2771 5062 populum
2799 4991 3157 5050 succumbere
3185 4991 3355 5049 letho.

1956 5069 2047 5126 Sic
2071 5071 2298 5130 inimica
2324 5076 2459 5145 lues,
2495 5079 2663 5135 ternis
2688 5080 2786 5135 vix
2816 5087 2990 5139 tracta
3025 5078 3241 5151 diebus,

1956 5157 2233 5232 Mergebat
2260 5162 2490 5220 miseros
2528 5166 2758 5239 indigno
2795 5167 2988 5223 funere
3026 5167 3199 5226 cives.

1959 5247 2312 5307 Conclamata
2340 5253 2487 5309 salus
2513 5271 2528 5322 ;
2570 5254 2699 5311 vitae
2719 5254 2926 5314 ﬁducia
2953 5255 3120 5315 cessit
3151 5275 3167 5327 ;

2031 5400 2052 5429 "
2080 5401 2284 5474 Nempe
2312 5403 2625 5462 Ianuarius.

2035 5482 2058 5548 ἦ
2082 5474 2152 5548 Id
2176 5483 2257 5530 est
2285 5474 2532 5548 Spiritus.

2036 5543 2062 5579 ⁶
2087 5546 2153 5602 1d
2181 5553 2255 5601 est
2278 5543 2558 5604 anhelitus.
2590 5546 2717 5606 Not.
2754 5567 2884 5608 mss.

3204 5730 3273 5788 37
