4074 6186
502 293 639 351 1163
1496 277 1736 339 HERICI
1773 277 2093 339 MONACHI

2228 269 2790 334 TISSIODORENSIS
3667 261 3810 321 1164

504 447 675 517 Inque
714 441 832 500 dies
877 437 1017 496 saevi
1068 434 1400 494 crudescunt
1431 438 1705 514 σπέρματα
1737 433 1827 505 (Β.
1870 432 2102 504 semina)
2134 437 2186 495 Α
2214 433 2509 502 Expertus,
2543 425 2734 483 surdos
2763 419 3132 517 nequidquam
3162 418 3221 473 in
3251 424 3381 517 vota
3408 416 3624 517 vocari,

1797 527 2025 602 [ωσι-Μ,
2207 520 2400 577 Iudice
2430 515 2781 582 Christicola,
2829 508 3098 566 inciderat
3129 524 3289 580 quem
3341 506 3483 562 forte
3505 509 3550 574 ἀ,
3580 505 3818 573 Sabino,

451 687 459 697 _
502 629 664 685 Ferre
694 645 919 685 manum
950 642 1133 695 nemo,
1166 623 1297 680 fatis
1315 638 1600 680 occurrere
1630 595 1820 678 nemo:
2013 595 2016 596 ν
2211 612 2561 666 Formantem
2585 601 2851 674 exemplis
2870 599 3100 696 decreta.
3119 595 3424 652 monastica
3451 595 3707 667 pulchris

499 717 744 790 Agnovit
772 717 971 774 veteris
1010 716 1134 788 pius
1169 722 1488 785 argumenta
1512 711 1764 784 chelydri

500 807 729 877 Prmsul,
757 815 810 865 et
837 807 1094 864 indoluit.
1129 805 1279 863 Sacri
1309 813 1429 860 tum
1460 805 1734 862 schemate
1763 803 1909 876 signi

500 896 707 953 Imbuit
736 897 965 952 allatum
1000 895 1291 968 verbisque
1321 893 1636 966 potentibus
1674 907 1935 964 unguem.

501 987 617 1042 Hoc
646 984 871 1058 depulsa
910 985 1046 1052 lues,
1084 983 1191 1039 hoc
1229 984 1358 1039 vitae
1397 983 1609 1039 reddita
1634 983 1837 1055 plebes,

501 1074 719 1130 Halitus
748 1083 910 1146 atque
939 1073 1096 1129 cibus
1121 1080 1272 1129 tactu
1299 1080 1545 1146 reparata
1577 1072 1829 1144 liquoris,

499 1160 805 1220 Perniciem
835 1161 1089 1233 pepulere
1123 1179 1136 1229 ;
1177 1162 1326 1217 salus
1358 1161 1557 1216 festina
1583 1158 1819 1216 recurrit
1852 1175 1864 1212 :

501 1250 762 1324 Purgavit
791 1250 1037 1309 medicus
1067 1250 1434 1324 quodcunque
1469 1250 1733 1308 infecerat
1763 1246 1996 1320 hydrus.

502 1343 846 1400 Daemonicos
873 1342 1034 1398 flatus
1062 1343 1224 1399 talem
1264 1342 1467 1399 sevisse
1496 1342 1716 1397 ruinam

503 1434 633 1490 Post
662 1433 873 1506 patuit;
905 1449 1140 1506 namque
1169 1449 1201 1488 a
1239 1433 1439 1489 misero
1466 1433 1598 1490 dum
1630 1431 1855 1504 pellitur
1892 1444 2004 1484 uno

507 1523 766 1596 Spiritus,
817 1522 875 1578 id
927 1522 1121 1580 retulit
1176 1530 1473 1595 sanctoque
1537 1537 1732 1578 manus
1793 1519 1862 1576 ad
1934 1517 2112 1573 sidera

1806 1607 1994 1682 [dante
2025 1614 2042 1632 '

509 1701 753 1760 Turbine
782 1702 1078 1760 verborum
1108 1710 1323 1776 turpem
1353 1702 1635 1774 excepisse
1666 1699 1965 1772 repulsam.

2213 700 2548 756 Germanum
2571 692 2823 766 expetiit.
2856 691 3057 746 Rerum
3082 685 3198 757 jam
3228 685 3481 756 cognitor
3519 684 3604 739 illi

2212 788 2463 860 Signarat
2492 797 2819 854 causamque
2847 777 2978 845 viri,
3011 783 3312 846 votumque
3342 774 3708 846 modumque,

2214 881 2330 936 Jam
2383 879 2495 933 fere
2541 874 2652 950 [B.,
2701 867 2893 944 prope]
2934 866 3240 936 contigerat
3291 864 3429 920 sacri
3466 865 3557 936 pia
3615 862 3823 918 limina

3563 950 3746 1025 [tecti,

2216 1059 2424 1118 Obvius
2443 1056 2670 1114 antistes
2700 1059 2753 1109 et
2774 1066 2828 1107 se
2857 1057 2977 1105 tum
3006 1048 3147 1103 forte
3192 1044 3418 1102 ferebat.

2216 1151 2314 1207 Ille
2339 1149 2454 1205 solo
2481 1152 2733 1203 sanctum
2763 1139 2996 1213 supplex
3025 1137 3232 1193 affusus
3269 1134 3494 1190 adorat:

2218 1235 2477 1292 Erectum
2511 1231 2710 1306 praesul
2740 1229 2883 1284 miro
2907 1225 3228 1299 dignamine
3257 1224 3525 1289 mulcens,

2218 1323 2551 1397 Ingreditur,
2576 1319 2848 1394 gratisque
2877 1314 3160 1373 hominem
3189 1311 3536 1369 sermonibus
3555 1309 3704 1366 afilat
3729 1329 3744 1378 ;

2222 1416 2336 1470 Itur
2359 1412 2427 1469 ad
2456 1410 2762 1474 ecclesiam,
2795 1407 3020 1464 credens
3049 1401 3400 1477 perfunditur
3420 1399 3584 1457 undis
3621 1419 3634 1466 ;

2221 1506 2440 1561 Exutus
2469 1503 2671 1559 veteris
2699 1499 2921 1557 tandem
2952 1497 3225 1571 squallore
3258 1493 3523 1568 parentis,

2222 1593 2478 1650 Induitur
2503 1592 2742 1658 niveam,
2776 1594 2986 1644 mutata
3020 1593 3222 1652 mente,
3255 1583 3485 1654 ﬁguram
3520 1599 3532 1636 :

2223 1689 2368 1757 Quin
2397 1694 2451 1743 et
2479 1701 2767 1758 corporeos
2797 1681 2965 1740 sensit
2994 1678 3291 1737 concedere
3316 1675 3536 1732 morbos
3561 1691 3574 1741 ;

581 1794 669 1848 71.
703 1794 928 1850 IEmula
957 1794 1230 1850 virtutum
1269 1809 1583 1866 proponens
1615 1789 1841 1864 praemia
1870 1787 2106 1852 cunctis,
2136 1799 2181 1858 Β
2223 1781 2470 1853 Cumque
2501 1795 2669 1835 manu
2688 1779 2874 1834 lumen
2896 1790 3010 1830 sese
3033 1771 3295 1828 meruisse
3322 1769 3562 1842 gavisus,

507 1883 666 1939 Nunc
697 1883 1017 1952 monachos,
1049 1898 1197 1939 nunc
1218 1882 1311 1936 ille
1339 1883 1543 1938 citabat
1569 1881 1637 1936 ad
1665 1880 1836 1936 ardua
1855 1879 2060 1936 clerum
2094 1894 2106 1932 :

509 1972 684 2043 Seque
709 1971 798 2027 his
827 1979 1149 2042 praesentem
1181 1970 1397 2025 vicibus
1440 1971 1571 2025 dum
1620 1968 1873 2024 redderet
1917 1966 2107 2039 aequis,

509 2062 753 2129 Quadam
784 2061 926 2116 forte
946 2061 1036 2116 die
1073 2060 1344 2131 rogitatus
1369 2060 1546 2115 visere
1589 2059 1804 2126 fratres,

509 2150 741 2219 Abnuit,
771 2149 998 2206 alterius
1026 2148 1300 2206 distentus
1328 2148 1567 2221 pondere
1595 2165 1788 2205 causae.

508 2241 649 2298 Ecce
675 2239 768 2296 sed
795 2247 1082 2313 exemptus
1109 2255 1240 2298 cura
1269 2254 1525 2311 nexuque
1555 2242 1739 2310 negoti

509 2330 640 2387 Post
670 2329 974 2398 modicum,
1007 2328 1226 2402 ignaros
1255 2328 1448 2384 fratres
1487 2342 1736 2399 egressus
1763 2324 1967 2382 adibat.

508 2418 870 2478 Obsessorum
909 2435 1055 2476 unus
1095 2419 1309 2492 patiens
1337 2417 1406 2474 ad
1447 2417 1644 2473 limina
1674 2415 1929 2482 fratrum,

505 2513 742 2588 Plusque
765 2514 954 2572 furens
985 2515 1171 2582 solito,
1204 2529 1398 2569 vocem
1428 2528 1524 2585 per
1549 2511 1737 2567 inania
1775 2509 1945 2576 tollit,

506 2603 712 2660 Adfore
751 2604 1086 2660 Germanum
1113 2601 1285 2659 vicini
1315 2601 1383 2656 ad
1419 2599 1669 2655 ﬂuminis
1699 2615 1839 2666 oras,

506 2691 616 2750 Nec
641 2691 759 2748 sine
789 2691 1069 2764 praemissa
1109 2691 1331 2763 pelagus
1371 2687 1488 2762 [B.,
1527 2687 1788 2762 ﬂuvium]
1820 2693 2113 2742 transcen-

1231 2766 1254 2778 ’
1587 2777 1739 2851 [dere
1769 2774 1790 2802 δ
1817 2774 2037 2848 cymba,

507 2869 718 2925 Fallere
756 2867 1006 2921 fallacem
1038 2867 1221 2923 fallaci
1253 2875 1472 2938 pectore
1510 2877 1711 2935 vatem,

513 2958 808 3012 Asseruere
833 2952 966 3020 diu;
1008 2955 1218 3010 clamor
1254 2954 1348 3010 sed
1377 2955 1616 3026 pressius
1665 2957 1897 3023 instans,

506 3047 723 3105 Certius
756 3045 814 3101 id
843 3045 994 3114 sciri,
1025 3061 1126 3102 nec
1154 3061 1268 3102 rem
1302 3043 1523 3100 differre
1555 3045 1831 3100 monebat.

505 3136 706 3194 Missus
732 3134 802 3191 ad
839 3134 956 3193 haec
984 3134 1170 3203 frater,
1205 3142 1381 3192 certos
1410 3133 1477 3190 de
1510 3135 1742 3206 praesule
1771 3133 1955 3190 reddit
1984 3152 1995 3190 :

504 3225 717 3297 Cymba
742 3225 913 3293 volat,
966 3235 1287 3298 gratumque
1333 3223 1488 3280 vehit
1525 3222 1796 3280 fidissima
1834 3223 2049 3296 pondus
2089 3243 2104 3294 ;

503 3314 799 3387 Excipitur
823 3315 988 3373 solito
1018 3315 1249 3372 fratrum
1277 3315 1492 3372 fervore
1518 3315 1770 3371 sacerdos
1806 3333 1818 3371 :

506 3403 786 3460 Incumbit
814 3403 1088 3476 precibus,
1121 3404 1371 3477 sequitur
1409 3421 1571 3477 quem
1601 3405 1796 3461 concio
1825 3411 1961 3461 tota.

501 3494 798 3568 Extemplo
839 3495 1041 3552 validis
1079 3503 1346 3552 arctatum
1376 3496 1612 3553 nexibus
1639 3496 1816 3552 hostis

503 3583 797 3657 Captivum
837 3583 1074 3640 sublime
1112 3585 1256 3656 rapit
1288 3603 1302 3652 ;
1344 3584 1586 3658 dumque
1615 3586 1718 3641 iste
1759 3592 2004 3641 moratur

501 3674 565 3729 In
597 3672 870 3746 precibus,
901 3673 1039 3728 furit
1065 3673 1176 3741 hic,
1204 3681 1258 3730 et
1283 3675 1570 3746 questibus
1597 3691 1720 3730 aera
1748 3675 2008 3746 complet,

503 3762 677 3836 Seque
703 3762 860 3818 ferox
889 3762 1076 3818 miseri
1102 3763 1438 3820 trudendum
1467 3773 1687 3836 pectore
1715 3764 2000 3833 frendens,

505 3851 725 3908 Laidere
753 3867 1043 3924 corporeos
1068 3853 1263 3908 saltem
1295 3852 1567 3908 sineretur
1606 3860 1668 3908 ut
1707 3861 1858 3909 artus

503 3940 766 4011 Implorat
799 3957 810 3994 :
843 3939 938 3994 sed
967 3947 1021 3994 et
1047 3939 1151 3994 hoc
1177 3938 1281 3994 sibi
1313 3955 1426 3995 non
1444 3940 1733 3997 succedere
1761 3949 1964 4011 certus,

502 4025 661 4081 Exiit
686 4025 978 4081 obscenam
1003 4028 1321 4099 compulsus
1347 4046 1602 4103 rumpere
1633 4037 1843 4103 partem
1878 4049 1889 4088 :

504 4113 824 4190 Condignus
851 4119 1099 4193 sequitur
1127 4121 1266 4179 furis
1295 4124 1525 4196 vestigia
1552 4125 1714 4194 fetor,

503 4205 716 4264 Claruit
740 4223 867 4278 ergo
897 4207 1050 4266 locus
1089 4212 1302 4269 meritis
1332 4221 1386 4270 et
1417 4213 1626 4271 honore
1656 4213 1925 4287 magistri,

501 4297 574 4352 Et
601 4295 991 4353 succedentum
1021 4299 1397 4358 moderamine
1423 4303 1824 4376 discipulorum

503 4383 602 4440 Ille
638 4383 754 4440 diu.
789 4384 1073 4443 Calamum
1101 4386 1344 4446 brevitas
1371 4407 1402 4446 a
1427 4391 1632 4448 talibus
1661 4399 1809 4450 arcet
1836 4399 1874 4449 '.

2221 1874 2421 1930 .IEtatis
2452 1873 2726 1944 reliquum
2757 1867 2932 1926 sancti
2964 1866 3065 1923 sub
3086 1866 3314 1922 numine
3343 1862 3528 1919 duxit.

2859 1989 3086 2049 CAPUT
3125 1989 3195 2044 II.

2221 2095 2359 2166 Ejus
2400 2093 2585 2166 pietas,
2611 2108 2737 2162 erga
2781 2089 3096 2166 defunctos,
3143 2085 3512 2166 remuneratio
3559 2082 3813 2166 hospitii;

2294 2159 2470 2222 electio
2517 2165 2589 2219 ad
2631 2159 3010 2234 eipeditionem
3051 2160 3466 2221 Britannicam;
3497 2159 3811 2210 consecratio

2297 2239 2352 2295 S.
2389 2234 2662 2305 Genovefae
2690 2234 2934 2305 virginis.

2296 2344 2383 2401 73.
2417 2342 2680 2400 Veridico
2709 2355 2960 2397 sermone
2989 2341 3134 2395 Deus
3163 2335 3312 2393 haud
3342 2336 3560 2408 profore
3590 2332 3741 2390 dixit

2222 2435 2422 2491 Intima
2447 2433 2548 2490 sub
2570 2430 2742 2488 modii
2769 2437 2970 2488 tectam
2991 2436 3206 2501 torpere
3229 2428 3531 2484 lucernam.

2219 2524 2456 2580 Noverat
2487 2521 2544 2578 id
2572 2529 2758 2578 noster
2787 2521 3044 2593 praecelso
3071 2518 3325 2589 dogmate
3355 2523 3564 2588 pastor,

2219 2614 2330 2670 Nec
2361 2610 2647 2686 patebatur
2677 2610 2902 2668 latebris
2926 2608 3223 2666 consistere
3260 2607 3438 2664 caecis.

2220 2706 2423 2761 Bruma
2451 2703 2729 2776 pruinosis
2764 2702 3071 2759 increverat
3100 2698 3325 2756 horrida
3356 2696 3520 2753 terris
3547 2714 3562 2762 ;

2221 2796 2319 2852 Ille
2349 2795 2453 2851 iter
2482 2793 2762 2863 insistens,
2806 2790 3028 2847 admota
3059 2797 3238 2857 nocte,
3279 2793 3536 2842 monetur

2221 2883 2472 2957 Hospitio
2502 2883 2660 2940 fessis
2695 2881 2948 2938 tenebras
2979 2878 3270 2936 defendere
3303 2875 3589 2933 membris.

2219 2974 2281 3032 Id
2308 2975 2484 3030 solum
2520 2991 2530 3028 :
2565 2989 2691 3028 nam
2721 2979 2898 3043 coepta
2934 2970 3058 3026 viro
3074 2967 3286 3040 jejunia
3307 2972 3573 3039 perstant.

2219 3065 2382 3120 Forte
2412 3063 2602 3136 procul
2626 3070 2819 3135 parent
2848 3059 3049 3116 veteris
3079 3057 3311 3130 vestigia
3338 3057 3507 3125 villae,

2139 3157 2182 3218 Ο
2216 3153 2480 3210 Putribus
2500 3168 2708 3208 annosa
2732 3150 2960 3224 jamjam
2989 3148 3289 3204 solitudine
3317 3146 3477 3202 tectis
3508 3163 3524 3214 ;

2218 3244 2348 3299 Alta
2376 3250 2692 3298 veternosas
2723 3239 2984 3296 cohibent
3014 3237 3234 3293 arbusta
3254 3235 3440 3292 ruinas
3481 3253 3493 3291 :

2219 3333 2373 3390 Saeva
2405 3331 2512 3388 loci
2535 3329 2721 3399 facies,
2745 3337 2861 3384 tum
2899 3328 3246 3384 conversatio
3268 3343 3430 3384 sava.

2219 3420 2516 3477 Praestabat
2555 3420 2734 3491 rigido
2766 3425 2984 3474 noctem
3008 3417 3312 3474 subducere
3338 3415 3497 3482 ccelo,

2221 3511 2395 3578 Quam
2425 3517 2588 3582 caput
2613 3509 2830 3565 horrori
2859 3507 3090 3562 dubium
3121 3505 3468 3562 committere
3495 3510 3672 3569 tanto,

2219 3599 2378 3668 Quod
2427 3599 2539 3656 fere
2589 3597 2705 3672 [B.,
2753 3595 2945 3671 prope]
2991 3596 3279 3654 nocturnis
3324 3594 3520 3650 infesta
3576 3589 3813 3664 pericula

3550 3678 3746 3754 [larvis

2220 3780 2344 3836 Rite
2375 3780 2497 3838 loco
2527 3779 2741 3835 nullam
2769 3782 3087 3851 paterentur
3114 3775 3298 3831 adesse
3329 3771 3592 3846 quietem.

2219 3868 2499 3941 Comperit
2532 3869 2636 3926 ista
2666 3883 2859 3925 senum
2890 3865 3088 3939 praesul
3119 3879 3367 3919 sermone
3397 3861 3630 3918 duorum
3659 3878 3673 3926 ;

2216 3957 2557 4031 Metatusque
2586 3958 2768 4015 locum
2804 3973 2815 4012 :
2841 3955 3022 4012 Tectis
3043 3952 3335 4020 succedite,
3364 3950 3528 4018 dixit,

2216 4047 2526 4120 Ambiguis,
2565 4047 2722 4116 socii,
2755 4053 2905 4119 patet
2936 4044 3028 4101 hic
3058 4059 3178 4115 spes
3208 4041 3389 4114 ampla
3412 4039 3709 4112 triumphi.

2217 4139 2318 4195 Hic
2339 4138 2484 4194 inter
2513 4140 2713 4194 multas
2733 4137 2832 4194 vix
2860 4152 2971 4192 una
2997 4141 3080 4192 est
3111 4133 3323 4189 mansio
3353 4132 3492 4199 visa,

2216 4228 2392 4284 Instar
2421 4227 2628 4283 habens
2654 4225 2855 4281 veteris
2899 4223 3100 4295 (fuerat
3125 4220 3476 4296 quandoque)
3503 4218 3707 4290 tuguri.

2219 4317 2370 4374 Hanc
2397 4318 2553 4389 petit,
2585 4316 2695 4372 huc
2731 4312 2986 4382 comites,
3039 4312 3192 4370 iteris
3240 4310 3350 4368 huc
3389 4309 3590 4366 frivola
3621 4316 3816 4363 trans-

3544 4399 3677 4474 [fert
3700 4410 3742 4466 °,

578 4473 667 4580 7‘2-
701 4474 1060 4532 Mamertinus
1083 4486 1197 4580 έναι
1218 4479 1259 4534 Ρ
1263 4479 1521 4580 ῙὶαθῙξίίΙηθ
1548 4481 1810 4555 -Ῐονίδίῐιιθ
1837 4480 2106 4580 δεξοθΐάοδι
2140 4521 2188 4580 D
2221 4497 2386 4556 Coena
2410 4497 2596 4554 brevis
2616 4497 2773 4565 alios,
2807 4503 3058 4553 sanctum
3090 4494 3396 4567 psalmodia
3428 4473 3597 4567 pavit,

505 4561 643 4618 Tum
675 4579 895 4638 quoque
939 4575 1267 4625 cunctorum
1303 4572 1483 4626 cultor
1519 4589 1617 4644 pro
1667 4588 1820 4645 posse
1858 4571 2108 4628 deorum.

505 4651 611 4709 Hic
649 4661 772 4725 post
801 4663 1022 4712 exactos
1046 4658 1258 4730 aliquot
1285 4659 1371 4714 his
1399 4661 1642 4718 cultibus
1680 4677 1873 4729 annos,

506 4740 682 4796 Unius
711 4741 892 4797 oﬂicio
921 4743 1087 4799 miser
1113 4747 1455 4818 exspoliatur
1483 4750 1666 4818 ocelli,

505 4832 729 4889 Arentis
756 4833 962 4905 pariter
1002 4836 1243 4894 referens
1273 4839 1563 4912 dispendia
1602 4841 1809 4897 dextrae
1843 4860 1856 4909 ;

505 4920 850 4994 Pnlsatisque
879 4922 996 4994 diu,
1032 4923 1243 4983 dudum
1275 4945 1410 5000 quas
1441 4938 1676 4999 rexerat,
1713 4930 1822 4986 aris
1852 4948 1866 4998 ;

577 5055 597 5077 ·
629 5049 731 5107 Ms.
765 5049 1039 5132 Belfortii,
1098 5055 1264 5132 cujus.
1293 5057 1659 5132 correctiones
1687 5057 1889 5132 passim
1919 5057 2108 5128 pluri-

506 5135 622 5208 mas
672 5125 892 5208 omitto,
937 5125 1006 5181 ob
1053 5125 1741 5208 antiquitatemaliorum
1769 5125 2021 5208 codicum
2054 5137 2108 5185 et

505 5190 971 5324 hgggsrecentem
993 5190 1398 5269 auctoritatem,
1425 5200 1505 5258 sic
1527 5199 1770 5258 restituit
1813 5199 1914 5257 hos
1947 5201 2108 5258 binos

629 5370 758 5441 ξριι
802 5374 1004 5441 patuit:
1038 5387 1260 5441 namque
1287 5387 1318 5424 ο.
1348 5375 1538 5441 misero
1573 5373 1695 5426 dum
1732 5375 1947 5441 Spiritus
1982 5378 2104 5439 exit,

629 5431 690 5501 I_d
727 5431 917 5501 retulit,
955 5440 1132 5488 sancto
1162 5431 1446 5501 superosin
1481 5447 1598 5490 vota
1634 5431 1864 5500 vocahte,

628 5494 874 5558 Turbine,
901 5494 998 5549 etc.

575 5577 596 5606 "
624 5578 828 5654 Supple
849 5601 1020 5654 posse.

576 5655 594 5678 '
626 5648 869 5708 Vidétuf
898 5654 1005 5712 hoc
1043 5658 1235 5715 referri
1263 5659 1332 5717 ad
1357 5659 1646 5718 historiam
1679 5659 1732 5718 S.
1767 5661 2104 5733 Mamertini,

2219 4588 2343 4646 Nox
2362 4595 2496 4658 erat,
2529 4597 2583 4645 et
2606 4589 2831 4662 plenum
2862 4586 3160 4659 carpebant
3180 4594 3378 4643 cuncta
3405 4600 3654 4658 soporem
3681 4603 3697 4650 ;

2217 4678 2412 4735 Lector
2431 4677 2641 4735 divinis
2654 4676 2902 4734 admovit
2923 4675 3179 4733 acumina
3211 4673 3276 4748 [ί.
3307 4692 3352 4730 e.
3387 4672 3598 4748 oculos]
3625 4673 3817 4729 libris;

2217 4768 2333 4825 Mos
2361 4775 2475 4824 erat
2503 4767 2605 4823 iste
2635 4766 2774 4822 viro.
2813 4765 3110 4823 Cesserunt
3140 4764 3280 4820 fessa
3311 4763 3492 4836 s0pori

2216 4859 2460 4916 Membra
2533 4865 2737 4926 tamen,
2817 4856 3062 4929 vicitque
3139 4854 3387 4911 animum
3443 4852 3756 4911 substantia
3800 4851 3819 4886 '

3490 4942 3719 5016 [fortem
3727 4983 3744 5012 ,

2216 5089 2336 5203 Euae
2359 5074 2647 5154 occasione,
2664 5070 2832 5201 bigas
2855 5070 3176 5128 monasterii
3196 5067 3417 5151 longius
3456 5064 3763 5122 deducitur
3790 5081 3821 5121 ι

2260 5152 2566 5203 onstantio;
2608 5143 2676 5200 ab
2761 5145 2906 5200 erico
2935 5150 3119 5199 autem
3165 5141 3491 5197 brevrssime
3528 5144 3821 5196 contracta

2260 5145 2566 5214 onstantio;
2608 5143 2676 5200 ab
2711 5140 2906 5201 Herico
2935 5150 3119 5199 autem
3165 5140 3491 5197 brevissime
3528 5144 3822 5196 contracta

2215 5215 2585 5288 subjungitur.

2284 5285 2458 5357 "Pro,
2494 5288 2551 5342 in
2576 5304 2728 5358 quem
2755 5285 2892 5357 forte
2915 5285 3193 5358 inciderat.

2217 5432 2242 5487 ἶ
2287 5352 2649 5486 θῐᾙῐιήιωᾳῦθ
2679 5352 2828 5416 hunc
2857 5371 3077 5415 versum
3108 5356 3188 5417 sic
3229 5353 3487 5414 emendat
3525 5369 3630 5412 ms.
3675 5352 3823 5410 Bel-

2239 5449 2301 5487 or
2330 5447 2516 5487 ianum
2551 5449 2562 5486 ζ

2239 5439 2516 5487 'ortianum
2551 5449 2562 5486 :

2277 5519 2448 5584 Instar
2479 5520 2675 5569 habens
2701 5520 2868 5578 tuguri
2901 5519 3087 5581 (fuerat
3123 5517 3453 5584 quandoque)
3483 5514 3720 5584 vetusti;

2276 5582 2425 5632 Hanc
2451 5585 2576 5645 petit
2601 5599 2612 5641 ;
2656 5584 2755 5632 huc
2774 5578 2988 5633 comites
3015 5587 3116 5633 huc
3139 5578 3224 5632 'est
3240 5578 3486 5632 translata
3512 5578 3818 5643 suppellex-

2286 5659 2300 5690 ‘
2331 5663 2525 5721 Carnis
2551 5663 2842 5736 fragilitas.
2873 5664 3000 5722 Not.
3027 5679 3157 5721 mss.
