4074 6186
489 254 627 310 1167

484 401 758 462 Omnibus
777 401 835 461 id
862 400 1037 471 cordi,
1069 408 1219 457 tenet
1250 399 1367 456 haec
1395 400 1666 455 sententia
1702 409 1965 470 cunctos;

480 491 745 548 Ambitur
764 491 1037 564 precibus,
1069 488 1233 546 cessit
1259 488 1483 544 dilectio
1514 489 1755 557 tandem,

479 578 777 653 Conjurata
806 581 945 636 mori
978 579 1209 635 fratrum
1236 594 1334 650 pro
1365 578 1524 634 laude
1562 596 1806 636 suorum.

554 671 638 728 78.
681 670 943 742 Praecepti
972 684 1261 735 memores,
1286 667 1495 723 socium
1526 676 1805 725 metantur
1834 682 1854 707 ε·
1885 669 2031 727 ituro
2056 688 2068 728 :

477 761 725 833 Namque
754 760 864 815 duo
896 758 1096 815 melius
1126 765 1326 814 sortem
1383 758 1633 830 legantur
1662 759 1729 816 ad
1758 775 1946 829 unam,

476 849 549 905 Et
587 849 738 920 lapso
767 848 964 904 comiti
1002 847 1252 906 certatim
1283 846 1541 903 subvenit
1567 848 1704 904 alter
1733 868 1745 904 :

476 937 567 995 Sic
592 936 702 993 duo
731 947 1065 996 nocturnum
1112 937 1336 1009 capiunt
1368 937 1424 992 in
1455 954 1583 1009 pace
1604 955 1853 1010 soporem
1884 957 1896 995 :

476 1026 747 1083 Invadens
775 1043 971 1097 unum,
1002 1029 1273 1099 premitur
1300 1028 1506 1083 virtute
1533 1027 1789 1085 duorum.

474 1116 537 1171 Id
568 1115 664 1188 qui
692 1117 989 1188 suppleret,
1019 1117 1204 1188 Lupus
1238 1122 1318 1172 est
1340 1133 1409 1171 ex
1437 1116 1661 1172 nomine
1695 1118 1888 1187 lectus,

474 1204 687 1261 Nobilis
715 1206 976 1277 Augusta:
1004 1206 1280 1279 quondam
1312 1206 1405 1279 qui
1436 1206 1575 1262 forte
1605 1206 1888 1264 Tricorum

473 1294 678 1350 Praesul
705 1302 838 1363 erat,
872 1294 1042 1368 signis
1076 1302 1128 1351 et
1156 1295 1340 1367 opimo
1367 1296 1589 1351 nomine
1618 1313 1887 1355 summus.

473 1383 670 1440 Iunxit
693 1385 1023 1457 apostolicos
1052 1384 1387 1442 moderatrix
1423 1386 1595 1455 gratia
1625 1395 1799 1454 vates,

474 1471 695 1528 Terram
723 1474 1064 1545 corporibus,
1106 1474 1305 1530 coelum
1338 1473 1543 1529 virtute
1572 1475 1833 1531 colentes.

474 1560 703 1635 Quoque
733 1562 887 1619 labor
919 1563 1111 1635 pluris,
1135 1570 1189 1619 et
1218 1580 1303 1620 res
1331 1562 1499 1618 edura
1523 1571 1752 1636 putatur

477 1650 703 1721 (Omnia
746 1668 874 1709 nam
917 1670 1135 1727 magno,
1178 1668 1298 1726 qua).
1346 1660 1474 1709 sunt
1532 1652 1877 1725 pergrandis,
1927 1670 2069 1711 con-

1658 1807 1703 1839 .
1800 1740 1995 1817 [stant)

473 1834 588 1895 Hoc
613 1853 668 1894 se
699 1839 946 1911 pernices
975 1838 1043 1896 ad
1073 1838 1239 1896 fortia
1265 1847 1467 1897 cuncta
1489 1834 1686 1910 tulere,

472 1926 739 1983 Cursibus
765 1928 1016 2000 impigris
1044 1930 1284 1984 stadium
1315 1946 1629 2001 percurrere
1660 1929 1829 1988 docti.

543 2015 629 2070 79.
664 2017 727 2069 In
759 2015 1056 2071 Parisiacas
1087 2016 1253 2071 itiner
1280 2018 1622 2072 convertitur
1656 2034 1814 2085 oras;

469 2101 783 2158 Metodorus
812 2102 968 2158 fessis
994 2102 1192 2159 tribuit
1221 2104 1546 2176 compendia
1570 2104 1768 2161 noctis.

468 2189 650 2247 Turba
679 2190 785 2248 loci
815 2192 1103 2266 complexa
1126 2192 1271 2249 diem
1298 2213 1310 2262 ;
1346 2201 1539 2251 testata
1568 2196 1825 2268 probatos

466 2278 780 2337 Adventare
813 2281 985 2351 viros,
1016 2291 1173 2354 rapto
1203 2283 1309 2339 fert
1337 2284 1555 2356 agmine
1586 2303 1850 2358 gressum,

465 2368 751 2443 Obviaque
779 2371 1022 2443 exceptis
1052 2370 1300 2445 impertit
1329 2372 1513 2429 debita
1544 2376 1769 2431 sanctis.

464 2460 739 2518 Funditur
767 2460 825 2517 in
854 2472 1110 2520 cunctam
1131 2481 1371 2536 praesens
1388 2465 1706 2522 benedictio
1737 2466 1946 2538 plebem
1977 2480 1988 2519 :

462 2552 596 2610 Inde
622 2554 786 2611 rudes
811 2555 1027 2611 animos
1058 2557 1285 2613 monitis
1326 2557 1640 2613 caelestibus
1672 2564 1883 2630 aptans,

460 2646 719 2717 Spargere
740 2653 1016 2702 nectareas
1050 2646 1197 2703 arvis
1217 2647 1499 2703 arentibus
1524 2646 1698 2703 undas

461 2733 765 2792 Germanus
795 2752 945 2793 sacer
973 2736 1319 2809 aggreditur;
1345 2737 1615 2811 plenoque
1651 2736 1911 2793 ﬂuentem

460 2823 726 2882 Vultibus
756 2825 1003 2880 immotis
1033 2834 1330 2881 tattentant
1358 2826 1512 2881 fonte
1535 2825 1806 2899 sophiam.

457 2912 693 2969 Eminus
723 2913 779 2968 in
811 2912 993 2969 medio
1021 2913 1207 2967 divam
1240 2922 1486 2969 constare
1517 2916 1775 2986 puellam.

462 3002 720 3059 Porrecto
746 3003 944 3075 praesul
975 3002 1152 3057 cernit
1180 3017 1343 3074 super
1373 3002 1592 3072 agmina
1620 3004 1782 3059 vultu
1807 3022 1820 3071 ;

452 3094 534 3151 Ac
562 3094 715 3150 velut
743 3090 1037 3149 aethereum
1070 3090 1205 3165 quid
1235 3096 1641 3148 commentatur
1668 3092 1727 3148 in
1756 3092 1874 3162 illa,

452 3180 718 3263 Cominus
739 3182 1015 3238 admotam
1055 3174 1371 3253 praeblando
1401 3180 1608 3237 famine
1637 3181 1863 3241 mulcet.

451 3271 542 3330 Sic
569 3271 659 3328 cui
695 3272 915 3328 venales
939 3270 1126 3328 fundit
1165 3269 1395 3329 licitatio
1426 3288 1687 3343 gemmas,

450 3362 597 3417 Dum
625 3361 840 3420 cunctis
862 3361 1058 3430 inhiat,
1090 3361 1385 3433 pretiosam
1417 3361 1689 3434 conspicit
1721 3377 1925 3429 unam;

451 3450 605 3508 Hanc
634 3451 796 3524 rapit,
828 3450 971 3507 hanc
1000 3452 1191 3507 multis
1216 3460 1367 3525 optat
1396 3451 1503 3507 sibi
1534 3459 1676 3508 stare
1706 3450 1951 3521 talentis,

451 3539 838 3615 Semotamque
867 3540 992 3598 aliis
1022 3541 1229 3612 gremio
1274 3541 1366 3597 dat
1392 3541 1533 3598 ferre
1561 3541 1762 3598 tenaci.

451 3631 787 3687 Immensum
818 3639 1075 3702 stupuere
1104 3630 1231 3686 viri.
1266 3631 1442 3702 Caput
1469 3631 1561 3686 ille
1587 3633 1837 3702 paventis

451 3719 557 3777 Ore
595 3720 790 3776 fovens
817 3736 989 3788 sacro,
1024 3719 1224 3792 quibus
1252 3728 1371 3776 orta
1400 3721 1718 3791 parentibus
1743 3728 1902 3790 esset,

453 3808 684 3877 Quodve
710 3808 816 3866 sibi
846 3825 1070 3879 nomen,
1102 3809 1220 3865 fatu
1247 3809 1515 3882 perquirit
1543 3810 1740 3867 amico.

456 3905 707 3978 Virginis
744 3905 803 3962 in
832 3907 1076 3963 medium
1124 3914 1502 3963 monstrantur
1546 3907 1731 3962 adesse
1777 3912 2047 3978 parentes,

451 3995 576 4052 Rite
600 3996 624 4033 (³
656 3997 803 4069 quod
824 4006 878 4052 et
904 3996 1082 4068 patrio
1103 4012 1304 4051 nomen
1335 3995 1615 4052 Genovefa
1644 3997 1879 4053 tulisset.

524 4083 614 4141 80.
655 4085 787 4140 Mox
815 4101 967 4141 sacer
991 4086 1246 4157 implevit
1283 4086 1460 4143 divini
1490 4094 1709 4159 pectora
1742 4086 1900 4144 Vatis

454 4172 713 4246 Spiritus,
736 4180 790 4229 et
819 4174 989 4229 rutilo
1014 4174 1093 4232 sic
1118 4174 1335 4231 intonat
1365 4192 1457 4231 ore
1487 4176 1758 4232 sacerdos.

454 4264 500 4321 O
530 4263 774 4335 lepidum
803 4270 950 4321 certe
978 4272 1139 4336 caput
1165 4266 1176 4320 l
1224 4265 1268 4321 Ο
1299 4264 1601 4336 praecordia
1629 4264 1796 4337 digna
1820 4265 1831 4322 l

452 4353 498 4412 O
530 4371 745 4428 semper
772 4354 999 4410 meritos
1026 4355 1124 4409 tali
1155 4354 1221 4410 de
1251 4355 1403 4425 prole
1430 4355 1708 4427 parentes!

453 4443 625 4517 Cujus
654 4445 712 4501 in
744 4453 941 4527 exortu
971 4459 1194 4516 superos
1223 4443 1467 4516 ingentia
1495 4443 1644 4500 cives

451 4535 663 4592 Gaudia
702 4534 1019 4606 perﬂarunt,
1049 4549 1182 4589 vero
1209 4532 1255 4589 si
1283 4534 1502 4590 credere
1521 4550 1666 4590 curae
1695 4541 1796 4603 est,

452 4624 654 4681 Intima
680 4624 903 4681 secretis
932 4622 1049 4680 haec
1074 4621 1352 4695 quondam
1385 4622 1606 4678 admota
1634 4622 1905 4694 supernis,

454 4713 740 4772 Constabit
776 4713 1037 4784 perchara
1066 4714 1179 4768 Deo
1208 4712 1592 4784 persplendida
1620 4712 1851 4782 mundo,

452 4803 634 4875 Atque
662 4801 796 4873 ipsis
823 4800 1092 4856 imitanda
1118 4800 1275 4858 viris.
1307 4801 1399 4858 Sic
1434 4802 1597 4869 fatus,
1630 4808 1684 4857 et
1730 4803 1876 4858 ultro

454 4890 838 4964 Complectens
867 4904 1091 4961 pueram
1123 4887 1239 4962 [B.,
1266 4889 1463 4963 ipsam]
1491 4908 1503 4945 :
1554 4892 1711 4955 Fare,
1741 4907 1774 4946 ο
1804 4891 2045 4950 sanctis-

1446 4975 1628 5051 [sima,
1661 4976 1826 5047 dixit,

446 5072 565 5132 Neu
593 5072 972 5147 percunctanti
1004 5071 1165 5129 malis
1192 5070 1493 5129 subducere
1514 5071 1682 5141 Patri,

445 5166 535 5221 An
561 5163 848 5222 delecteris
876 5162 1059 5236 magni
1089 5162 1413 5236 cognomine
1449 5163 1671 5236 Sponsi,

446 5251 618 5325 Cujus
645 5253 706 5311 in
725 5253 1042 5327 amplexus,
1075 5250 1183 5308 nisi
1208 5268 1322 5308 non
1368 5252 1462 5309 ﬁet
1503 5252 1743 5325 integra,
1777 5253 2034 5311 transit'.

444 5337 546 5399 Illa
571 5343 715 5416 rapit
743 5341 996 5413 verbum,
1028 5342 1299 5416 plenoque
1321 5341 1613 5400 audentior
1633 5358 1763 5401 ore:

510 5518 532 5576 ξ
559 5502 627 5576 ῌ
654 5508 727 5559 est
750 5503 964 5576 eligunt.
995 5504 1104 5561 Not
1135 5519 1272 5562 mss.

510 5566 535 5602 "
569 5573 682 5628 Pro
710 5566 842 5629 ritu:
874 5575 1007 5630 Not.
1035 5592 1164 5632 mss.

505 5664 527 5692 c
556 5642 700 5701 Ordo
731 5643 1009 5700 verborum
1034 5662 1054 5709 ;
1087 5646 1255 5717 Cujus
1282 5645 1340 5703 in
1366 5646 1643 5722 amplexus
1679 5664 1785 5705 non
1815 5646 2028 5720 transit,

1490 245 1730 304 HERICI
1768 243 2086 304 MONACHI
2122 243 2778 304 ANTISSIODORENSIS

3642 237 3784 294 1168

2103 428 2154 487 Α
2185 399 2360 472 Hujus
2387 415 2570 455 amore
2602 399 2748 456 feror
2776 396 3008 464 dudum,
3042 409 3206 487 quam
3235 391 3449 487 fervida
3477 390 3664 459 dixit;

2181 490 2501 562 Amplector
2528 488 2758 544 titulum
2793 492 3035 559 cognatae
3054 480 3413 555 virginitatis,

2181 580 2396 637 Innuba
2418 579 2632 636 sidereo
2663 578 2863 651 possim
2893 594 3002 650 quo
3036 575 3242 631 nubere
3271 574 3505 646 Spouso.

2181 671 2261 739 Id,
2296 670 2340 728 si
2372 669 2637 743 dignaris,
2672 686 2767 742 per
2790 677 2844 725 te
2872 665 3185 723 roborarier
3213 671 3343 737 opto
3371 682 3382 720 :

2179 762 2252 816 Et
2281 762 2534 818 manibus
2564 761 2831 816 submitto
2856 764 3021 830 caput
3054 775 3065 812 :
3092 756 3174 812 fer
3206 765 3333 811 vota
3364 754 3634 827 precanti.

2179 852 2380 908 Praesul
2413 860 2541 908 ovat
2569 852 2770 923 spolio,
2802 849 3075 920 castisque
3105 844 3455 919 amplexibus
3486 861 3709 918 urgens,

2178 941 2577 1013 Magnanimem
2610 948 2853 1014 perstare
2876 938 3056 1010 jubet.
3090 937 3220 992 Mox
3254 934 3449 990 limina
3477 936 3638 992 laetus

2177 1030 2436 1086 Ecclesia:
2465 1037 2731 1101 penetrat,
2766 1028 2984 1100 ﬁxaque
3012 1026 3071 1081 in
3103 1024 3311 1081 vertice
3334 1023 3530 1080 dextra

2177 1118 2457 1175 Solemnes
2483 1135 2553 1175 ex
2584 1134 2734 1174 more
2763 1132 2949 1189 preces
2977 1121 3031 1170 et
3060 1123 3190 1171 vota
3218 1114 3445 1187 peregit,

2177 1209 2411 1283 Spiritui
2441 1215 2629 1265 sancto
2657 1224 2753 1262 vas
2784 1213 2979 1278 aptans
3007 1205 3450 1261 immaculatum.

2247 1302 2338 1359 81.
2372 1298 2653 1358 Confectis
2682 1297 2867 1366 rebus,
2898 1298 3145 1353 relevant
3176 1295 3433 1352 mortalia
3457 1296 3631 1355 victu.

2178 1393 2316 1448 Tum
2347 1391 2458 1447 ﬁdo
2488 1388 2687 1464 pignus
2717 1389 2997 1461 deponens
3021 1386 3145 1459 jure
3174 1386 3387 1458 parenti
3425 1386 3471 1457 τι,

2177 1482 2264 1538 Ad
2291 1483 2469 1538 lucem
2498 1495 2738 1537 remeare
2765 1477 2941 1551 jubet.
2976 1476 3066 1534 Sic
3093 1475 3333 1549 denique
3368 1478 3598 1547 factum,

2176 1572 2321 1628 Num
2342 1587 2554 1627 memor
2582 1568 2829 1626 hesterni
2858 1567 3123 1641 persistis,
3165 1566 3299 1635 ﬁlia,
3332 1569 3447 1624 voti
3478 1569 3507 1625 ?

2177 1662 2383 1718 Praesul
2407 1663 2501 1717 ait.
2538 1661 2696 1718 Certe
2721 1674 3021 1714 memorem
3053 1673 3109 1713 se
3138 1657 3293 1730 virgo
3324 1657 3561 1725 fatetur;

2179 1750 2313 1822 Ejus
2340 1757 2396 1804 at
2425 1749 2677 1817 obtentu,
2703 1748 2943 1803 nimium
2970 1745 3112 1802 foret
3145 1745 3330 1818 indiga
3363 1746 3541 1819 cujus,

2178 1843 2639 1902 Conservaturam
2671 1840 2845 1914 pactis
2877 1838 3163 1912 sponsalia
3190 1839 3372 1896 taedis.

2177 1933 2448 1990 Successit
2481 1947 2565 1988 res
2590 1931 2729 1986 mira
2760 1931 2900 1998 loco,
2932 1929 3132 1985 favisse
3162 1928 3377 1985 videres

2176 2021 2483 2079 Amborum
2513 2020 2659 2076 votis
2687 2020 2888 2075 collato
2920 2033 3145 2074 munere
3171 2018 3483 2089 Christum;

2176 2111 2355 2168 Prona
2383 2111 2501 2166 solo
2531 2108 2738 2182 prmsul
2772 2124 2902 2164 mox
2933 2105 3172 2181 pendula
3203 2109 3421 2164 lumina
3452 2109 3580 2166 ﬁxit
3608 2130 3623 2175 ;

2176 2201 2374 2257 jEreus
2404 2198 2635 2255 emicuit
2668 2213 2926 2269 supremo
2961 2197 3018 2252 in
3050 2198 3275 2268 pulvere
3313 2214 3596 2268 nummus,

2174 2290 2458 2362 Inculptus
2480 2305 2660 2345 cruce.
2694 2287 2982 2343 Sublatum
3015 2287 3212 2342 tellure
3240 2287 3491 2344 sacerdos

2174 2381 2374 2439 Munus
2403 2378 2679 2451 adOptivaa
2709 2378 2857 2435 collo
2886 2376 3112 2433 devovit
3132 2378 3387 2446 alumnae,

2175 2473 2308 2540 Hoc,
2341 2470 2548 2537 dicens,
2580 2468 2726 2526 dotis
2757 2477 2956 2524 nostra;
2988 2475 3265 2538 gestamen
3287 2467 3520 2538 habeto;

2176 2562 2291 2617 Hoc
2317 2559 2689 2617 discedentem
2723 2567 2850 2614 ante
2880 2556 3069 2613 oculos
3103 2573 3340 2629 persaepe
3368 2566 3606 2627 vocato;

2174 2650 2398 2717 Caetera,
2436 2649 2719 2705 mundano
2752 2650 3004 2720 pompam
3030 2646 3321 2704 referentia
3347 2650 3526 2719 cultu,

2172 2742 2220 2798 A
2251 2742 2394 2798 collo
2424 2740 2721 2814 digitisque
2742 2740 2854 2795 tuis
2884 2755 3065 2794 arcere
3094 2746 3404 2797 memento:

2170 2830 2374 2886 Extera
2400 2830 2671 2885 carnalem
2704 2828 2960 2901 subigaut
2990 2828 3228 2900 insignia
3256 2847 3511 2902 sponsam
3536 2851 3550 2899 ;

2169 2917 2351 2992 Nupta
2371 2922 2504 2989 Deo,
2539 2918 2767 2992 gemmis
2795 2918 3047 2974 animum
3076 2936 3345 2992 compone
3386 2921 3628 2994 pudicis.

2170 3011 2328 3067 Nunc
2361 3011 2608 3081 longum,
2642 3009 2899 3081 pretiosa,
2936 3010 3077 3067 vale.
3112 3010 3471 3068 Genitoribus
3504 3013 3666 3071 illam

2167 3099 2504 3155 Servandam
2533 3106 2657 3171 post
2684 3099 2801 3155 haec
2832 3098 2959 3156 ﬁdis
2990 3101 3290 3158 commisit.
3322 3104 3395 3157 At
3426 3101 3543 3175 ipse

2087 3154 2131 3214 Ο
2165 3154 2656 3247 Continuavitliler
2686 3198 2820 3246 noto
2850 3188 3226 3248 moderamine
3258 3154 3520 3264 coeptum.

2787 3286 3017 3345 CAPUT
3068 3288 3161 3344 III.

2169 3376 2460 3451 Tempestas
2510 3380 2692 3456 sedata
2730 3380 2899 3456 sancti
2935 3380 3219 3456 precibus;
3263 3380 3547 3456 Pelagiani
3589 3402 3762 3456 argu-

2518 3452 2705 3507 mentis
2735 3450 2847 3520 ejus
2872 3457 2919 3505 et
2936 3450 3216 3508 miraculo
3263 3450 3403 3509 victi.

2231 3540 2319 3596 82.
2354 3540 2494 3596 Hinc
2526 3557 2674 3597 mare
2695 3539 3093 3609 conscendunt,
3116 3542 3200 3598 usi
3231 3542 3325 3598 sed
3346 3543 3592 3615 produce
3611 3545 3763 3604 Chri-

2162 3630 2526 3704 Fidentesque
2554 3632 2658 3687 sibi
2691 3649 2908 3689 cessura
2936 3633 3181 3705 pericula
3211 3642 3431 3704 cuncta,
3630 3634 3760 3710 [sto,

2161 3721 2266 3787 Qui
2297 3721 2471 3778 tuitus
2500 3721 2753 3794 proprios
2780 3723 2925 3778 inter
2954 3722 3278 3779 discrimina
3307 3740 3518 3794 servos,

2162 3809 2372 3864 Gaudia
2402 3821 2521 3882 post
2553 3811 2805 3867 tenebras
2834 3811 2999 3869 cessit
3026 3813 3246 3885 potiora
3276 3813 3541 3886 probatis.

2160 3897 2400 3955 Leuibus
2432 3917 2493 3956 ac
2520 3901 2763 3973 primum
2795 3900 2937 3959 facta
2961 3909 3043 3958 est
3072 3903 3376 3974 progressio
3405 3904 3598 3962 ﬂabris

2160 3988 2424 4061 Equoris
2453 3991 2522 4046 ad
2556 3989 2824 4060 medium,
2855 3990 3141 4050 subductis
3171 4009 3296 4050 cum
3348 3995 3541 4066 procul
3590 3995 3753 4063 arvis,

2160 4078 2286 4134 Sola
2310 4080 2476 4136 maris
2506 4080 2674 4139 facies
2699 4083 2839 4139 ccnlo
2867 4083 3155 4156 complexa
3183 4093 3411 4156 pateret.

2160 4165 2347 4223 Gloria
2377 4169 2666 4241 spiritibus
2692 4187 3005 4244 quanquam
3033 4173 3276 4230 detracta
3302 4175 3565 4247 malignis

2159 4258 2373 4315 Fecerit
2402 4278 2516 4316 esse
2546 4278 2699 4328 reos;
2740 4272 2924 4318 manet
2952 4262 3039 4320 bis
3069 4264 3375 4321 substantia
3413 4265 3613 4338 prisca,

2156 4350 2366 4407 Natalis
2384 4352 2577 4409 levitas
2598 4362 2763 4410 vento
2786 4357 3122 4428 penetralior
3142 4355 3258 4429 [B.,
3275 4355 3752 4431 pernicior]omni,

2158 4439 2356 4497 Livida
2384 4460 2559 4513 mens,
2593 4461 2808 4518 semper
2837 4446 3038 4502 studiis
3067 4445 3274 4501 obnixa
3301 4446 3520 4519 piorum
3545 4464 3559 4515 ;

2079 4517 2128 4578 D
2161 4528 2425 4603 Quodque
2455 4532 2554 4589 Dei
2595 4535 2760 4591 castis
2787 4543 3021 4591 cernunt
3050 4517 3522 4604 accedere—lucris,

2158 4619 2220 4676 Id
2252 4620 2445 4692 lugent
2474 4624 2699 4696 periisse
2729 4623 2855 4680 sibi.
2888 4625 3182 4698 Properare
3206 4624 3394 4682 beatos

2155 4710 2475 4784 Ingemuere
2512 4713 2663 4769 viros
2689 4721 2863 4787 captae
2892 4730 3208 4771 succurrere
3241 4712 3389 4787 plebi

2156 4801 2485 4871 Occurrunt,
2514 4809 2742 4875 totoque
2772 4804 2983 4875 agitant
3010 4803 3337 4860 discrimina
3366 4809 3554 4875 ponto.

2153 4889 2490 4946 Incumbunt
2518 4891 2693 4955 venti,
2729 4892 2928 4963 raptim
2961 4892 3029 4947 de
3059 4892 3185 4948 sede
3213 4899 3439 4947 ruentes

2150 4977 2393 5051 Quisque
2421 4996 2539 5048 sua,
2572 4980 2865 5051 pulsosque
2894 4980 3080 5036 ferunt
3106 4980 3176 5037 ad
3210 4980 3389 5037 sidera
3424 4979 3642 5048 ﬂuctus,

2148 5068 2273 5125 Nox
2301 5069 2433 5137 ruit,
2465 5078 2518 5125 et
2547 5069 2730 5126 densa:
2756 5070 2954 5126 coelum
3005 5069 3287 5126 obduxere
3321 5068 3577 5126 tenebrae.

2148 5158 2352 5216 Aridus
2380 5158 2626 5217 insonuit
2657 5162 2907 5218 tremulis
2934 5162 3292 5234 compagibus
3318 5160 3475 5219 axis:

2147 5248 2403 5305 Fulmina
2432 5249 2592 5309 mista
2620 5253 2829 5309 volant.
2863 5253 2983 5311 1am
3014 5253 3329 5310 confudisse
3373 5260 3640 5327 putantur

2145 5334 2454 5396 Concordes
2479 5341 2749 5399 elementa
2778 5343 2947 5415 vices,
2980 5343 3283 5426 mundique
3307 5343 3473 5401 ruina

2142 5497 2251 5576 nisi
2272 5501 2343 5557 sit
2366 5501 2592 5576 integra.
2621 5506 2749 5563 Not.
2784 5521 2917 5564 mss.

2213 5575 2240 5612 ά
2267 5576 2430 5632 Patri
2459 5575 2509 5633 et
2533 5578 2716 5635 matri.
2742 5577 2870 5635 Not.
2904 5595 3037 5637 mss.
