4074 6186
516 271 650 331 1171
1527 264 1742 324 HERIC
1779 263 2101 324 MONACIII

2198 261 2801 322 NTISSIODORENSIS
3669 262 3807 322 1172

509 421 685 489 Quam
713 423 972 476 venerata
1009 416 1149 490 pios,
1185 424 1295 472 tam
1320 415 1586 474 detestata
1612 416 1891 488 profanos.
2135 419 2186 479 A
2215 415 2479 474 Prosiluit
2509 414 2784 471 medicina
2811 421 3024 486 potens,
3057 409 3339 486 pulsisque
3367 409 3636 484 tenebris,

579 508 668 566 89.
701 506 924 565 Proruit
951 505 1009 565 in
1035 505 1278 563 medium
1309 505 1533 579 quidam
1559 522 1686 563 cum
1705 505 1934 580 conjuge
1957 505 2102 580 prin-
2212 505 2469 578 Implevit
2498 521 2696 562 vacuas
2725 505 2912 576 ignoto
2941 502 3055 558 sole
3083 501 3368 557 fenestras.

1859 595 2028 672 [ceps,
2209 595 2322 652 Nec
2341 595 2455 667 jam
2489 596 2630 650 ferre
2659 595 2842 649 valent
2876 591 2986 648 laeti
3015 605 3114 646 sua
3142 596 3270 690 vota
3300 597 3553 690 parentes
3587 609 3599 649 :

509 688 682 747 Unica
710 687 800 746 cui
830 685 1063 760 geminis
1085 685 1198 758 jam
1225 685 1436 744 dudum
1466 685 1581 743 ﬁlia
1609 686 1798 745 lustris
2210 684 2358 753 Quin
2387 685 2550 741 etiam
2581 683 2798 779 populis
2827 682 3004 779 ere-vit
3034 678 3290 779 formido.
3303 678 3540 779 salubris
3573 699 3586 739 :

507 778 725 835 Natales
755 775 1005 834 tenebras
1033 777 1220 848 ignota
1247 776 1368 832 luce
1392 775 1660 834 trahebat.
2211 775 2355 832 Hinc
2386 789 2645 832 succensa
2681 772 2837 838 ﬁdes,
2868 771 2966 828 illo
2995 769 3318 845 percanduit
3344 786 3518 844 usque

505 867 709 938 Ingerit
739 865 881 923 hanc
910 864 1132 922 sanctis.
1162 864 1341 922 Victis
1369 865 1512 923 hanc
1541 865 1792 924 hostibus
1822 867 1905 924 illi
2209 866 2428 923 Erroris
2456 865 2634 960 quoad
2665 865 2985 960 ulla-forent
3012 861 3244 960 vestigia
3267 878 3559 960 nusquam.

503 956 741 1015 Censent
768 954 972 1011 offerri.
1005 954 1183 1011 Semel
1214 961 1270 1010 at
1298 956 1654 1028 praesumptio
1683 958 1860 1028 pulsa,
2209 955 2300 1013 Sic
2327 955 2505 1011 aliena
2527 955 2677 1040 salus
2701 954 2827 1009 aliis
2857 952 2919 1008 ﬁt
2953 967 3116 1009 causa
3143 951 3353 1007 salutis.

507 1046 786 1103 Virtutem
817 1051 1028 1100 tentare
1057 1043 1232 1116 fugit;
1261 1043 1579 1116 junctisque
1613 1044 1826 1118 parenti
2280 1043 2369 1102 90.
2419 1044 2530 1103 Vix
2577 1043 2822 1100 medium
2872 1057 3183 1116 quanquam
3219 1041 3419 1114 trepidi
3464 1043 3809 1102 confecimus

504 1136 753 1192 Exorant
781 1133 1037 1207 precibus
1066 1133 1317 1188 miseram
1343 1134 1410 1190 de
1438 1134 1591 1190 clade
1623 1135 1815 1191 levari.
3500 1132 3729 1208 [aequom

502 1224 770 1282 Flectitur
802 1222 890 1278 his
919 1222 1110 1295 pietas,
1143 1223 1373 1278 miseros
1403 1224 1656 1280 miserata
1688 1232 1955 1297 parentes.
2209 1223 2320 1281 Nec
2347 1222 2509 1280 datur
2539 1238 2816 1296 aggressos
2845 1221 3026 1281 adhuc
3056 1220 3172 1297 [B.,
3200 1228 3255 1279 et
3275 1222 3480 1298 adhuc]
3503 1224 3654 1279 exire
3675 1225 3810 1284 Bri-

500 1315 765 1372 Fundunt
784 1329 935 1370 more
955 1329 1198 1385 precem;
1217 1320 1372 1384 pater
1391 1312 1522 1370 hinc
1538 1315 1842 1372 Germanus
1861 1315 2101 1373 amicum
3487 1313 3732 1389 [tannos,

503 1404 628 1464 Rite
657 1421 858 1462 vocans
887 1420 1115 1470 numen,
1141 1411 1456 1460 sanctorum
1488 1405 1716 1477 pignora
1745 1407 1888 1462 collo
2211 1403 2528 1460 Sistendum
2560 1410 2834 1476 postrema
2881 1410 3084 1461 monet.
3119 1403 3278 1460 Nunc
3306 1403 3546 1476 pondere
3579 1406 3804 1479 paulum

503 1493 746 1552 Abducit
773 1494 1045 1564 manibus,
1079 1495 1358 1568 frontique
1389 1495 1609 1551 admota
1637 1498 1854 1570 puellae,
2211 1495 2450 1552 Materiae
2479 1497 2780 1565 confectus,
2812 1497 2959 1553 iners
2987 1497 3303 1566 succumbe,
3338 1505 3495 1570 poeta
3526 1517 3538 1555 :

504 1584 801 1640 Damnatas
830 1592 960 1640 nota
987 1587 1198 1643 refovet
1225 1584 1342 1660 [B.,
1371 1585 1646 1662 refovent]
1679 1588 1886 1645 virtute
1915 1589 2104 1645 lucer-
2211 1585 2370 1654 Quod
2398 1593 2564 1644 restat
2592 1588 2796 1657 forsan,
2823 1596 3073 1660 reparato
3100 1594 3339 1661 pectore,
3371 1603 3556 1646 curres
3582 1599 3628 1646 ⁸.

1873 1678 2027 1753 [nas;

574 1811 597 1839 ι
635 1795 1236 1885 Ηίθ.ξείῖιῃξὶηιηῑιιι*Δίη⁸
1261 1801 1378 1863 solo
1417 1819 1517 1858 ms.
1561 1802 1818 1885 Lobiensi
1858 1803 2101 1885 hymnus
2130 1812 2176 1871 B
2206 1814 2322 1862 tum
2353 1805 2477 1862 dure
2506 1805 2744 1885 strophae
2772 1804 3013 1876 profanae
3033 1811 3121 1885 .et‘
3140 1802 3210 1858 ad
3241 1804 3562 1885 Germanum
3591 1819 3806 1878 nequa-

502 1869 561 1952 i‘n
609 1871 783 1952 sancti
831 1869 1053 1952 festum,
1095 1879 1164 1952 _ut
1210 1873 1322 1952 fere
1365 1889 1600 1952 excusus
1640 1883 1720 1930 est
1759 1869 2100 1952 in_antiquis
2130 1869 2167 1871 _
2210 1893 2374 1952 quam
2404 1869 2740 1949 spectantes;
2774 1869 2896 1948 quae
2927 1875 3158 1948 proinde
3189 1875 3541 1932 omittentur.

500 1939 798 1996 Breviariis
825 1941 1402 2000 Autissiodorensibus
1430 1945 1499 2002 ad
1520 1954 1776 2018 utrasque
1799 1939 2096 2020 Vesperas;

2970 2101 3807 2113 —-——--————-———

1653 2225 2064 2287 PRIEFATIO
2107 2227 2311 2288 LIBRI
2356 2227 2648 2300 QUARTI

1615 2363 1922 2439 Τιταρκώὶῳ
1951 2366 2310 2440 τιτραστρὸφῳ
2344 2361 2685 2444 descripta.

851 2603 941 2660 91.
979 2603 1248 2662 Scandere
1276 2607 1505 2680 puppim
2490 2615 2600 2672 Nos
2628 2613 2766 2671 adiit
2795 2616 2988 2689 pietas,

783 2693 1063 2766 Transque
1095 2711 1273 2752 meare
1303 2697 1478 2752 salum
2491 2704 2632 2761 Noto
2659 2723 2744 2763 me
2774 2724 2991 2781 quoque
3011 2708 3169 2780 jussu

785 2781 997 2839 Coatum
1028 2784 1427 2855 discipulorum
2490 2793 2693 2851 Tecum
2725 2812 2944 2868 pergere
2974 2800 3227 2873 principe.

783 2867 1070 2934 Quondam
1099 2869 1354 2928 Christus
1376 2873 1612 2945 jusserat
1632 2892 1654 2920 ι
1679 2895 1692 2935 :
2559 2883 2696 2939 Nam
2725 2867 2898 2958 neque
2928 2867 3146 2945 summo

854 2953 1058 3014 Cedere
1085 2959 1283 3030 vulgus
2493 2973 2596 3031 Res
2635 2953 2827 3046 gravis.
2853 2976 2967 3032 ulla
2998 2979 3144 3046 Deo;

777 3047 843 3136 in
872 3062 968 3104 sua
996 3063 1267 3121 quemque
1291 3049 1448 3122 jubet
1473 3071 1487 3122 ;
2486 3062 2572 3120 Me
2600 3063 2881 3136 siccasque
2909 3065 3126 3124 videbis

779 3134 923 3194 Hinc
953 3136 1157 3193 montis
1185 3138 1335 3194 subit
1360 3140 1471 3196 alta
1495 3158 1506 3196 :
2489 3154 2717 3210 Gressus
2739 3134 2880 3212 ferre
2909 3173 3006 3230 per
3036 3173 3274 3231 aequora.

781 3229 871 3289 Sic
895 3247 1102 3289 numen
1127 3234 1305 3292 Patris
1332 3235 1574 3296 invocat.
2557 3242 2687 3298 Mox
2709 3229 3019 3314 miseratus,

847 3320 1020 3378 Nocte
1047 3338 1244 3394 sopora
2485 3330 2700 3390 Annuit
2724 3333 2810 3390 his
2835 3336 3102 3394 Dominus
3132 3353 3147 3395 :

779 3408 979 3469 Omnia
1006 3419 1363 3486 torpuerant;
2486 3421 2688 3480 Fidens
2715 3427 2944 3482 numine
2983 3427 3195 3497 Petrus,

780 3498 1146 3574 Sulcabatque
1185 3504 1427 3563 minaces
2126 3517 2170 3578 ο
2485 3510 2718 3584 Puppim
2751 3513 2942 3572 desilit
2969 3518 3124 3574 ocius
3157 3535 3170 3576 :

775 3585 982 3661 Puppis
1010 3591 1212 3646 caerula
1240 3593 1482 3666 gurgites
1507 3613 1520 3652 :
2557 3602 2802 3658 Pendula
2836 3615 3005 3676 ponto

851 3679 1101 3736 Flamine
1131 3680 1270 3736 laevo
2485 3689 2727 3746 Membra
2756 3708 2922 3749 senex
2951 3695 3138 3766 agitat,

777 3766 1024 3841 Equora
1047 3769 1364 3827 ferbuerant
1387 3789 1402 3839 ;
2486 3777 2822 3851 Innixusque
2857 3784 3084 3840 marinis

778 3857 911 3931 Spes
933 3860 1220 3933 absumpta
1241 3861 1436 3918 salutis
2487 3867 2593 3924 Dat
2622 3870 2851 3941 vestigia
2879 3871 3158 3932 ﬂuctibus.

777 3947 951 4004 Tanta
979 3949 1174 4004 mortis
1203 3949 1460 4024 imagine.
2555 3957 2659 4014 Res
2689 3976 2832 4016 nova
2862 3971 3101 4020 mentem

848 4035 1076 4092 [Ethera
1101 4036 1326 4112 jamque
2479 4045 2789 4106 Perculerat
2818 4055 3104 4110 tremulam
3141 4073 3152 4112 :

777 4123 999 4182 Lucifer
1026 4126 1350 4201 impulerat;
1475 4170 1482 4171 η
2483 4135 2620 4192 Tum
2649 4138 2974 4196 discrimina
3001 4151 3202 4215 pontus

775 4211 915 4272 Cum
947 4225 1195 4287 quartam
1229 4220 1523 4279 stationem
2177 4217 2188 4227 ’
2481 4226 2696 4283 Intenta
2719 4229 2831 4284 fera
2860 4211 3144 4291 fervidus:

773 4301 992 4405 Pernox
1023 4305 1194 4364 milex
1225 4307 1524 4381 inordinat,
2552 4315 2833 4389 Quemque
2856 4318 3547 4405 [C.Lugd.etB.,Quaque]
3571 4329 3772 4388 ﬁdelem

841 4393 1093 4452 Christus
1121 4397 1298 4454 amico
2479 4405 2726 4479 Equora
2752 4393 3107 4483 sustulerant,

771 4480 1058 4572 Fluctibus
1087 4486 1146 4541 in
1186 4487 1412 4560 liquidis
2475 4493 2746 4553 Paulatim
2778 4499 3072 4572 liquefacta

771 4571 898 4628 Fert
925 4573 1155 4647 vestigia
1184 4592 1389 4648 gressu,
2476 4584 2606 4642 Mox
2630 4571 2910 4646 subsidere
2938 4607 3207 4652 cerneres.
3261 4611 3268 4617 ‘

771 4655 944 4732 Seque
975 4660 1330 4719 horrentibus
1359 4664 1581 4738 intulit;
2547 4673 2788 4748 Corpore
2825 4695 3036 4738 mersus

837 4746 966 4804 Mox
995 4755 1200 4806 tremor
1226 4759 1376 4811 artus
2471 4746 2698 4838 Jamque
2724 4767 2915 4827 Petrus
2944 4775 3147 4848 medio,

767 4835 1009 4940 Qccupat
1039 4839 1314 4940 egelidos;
2106 4879 2161 4940 Ι)
2472 4835 2773 4914 Iesu—nunc
2799 4859 2962 4930 bone,
2997 4835 3216 4938 clamat,

767 4925 987 5026 Clamor
1007 4931 1187 4988 sidera
1215 4935 1431 5026 pulsat;
2106 4925 2158 4940 υ
2473 4947 2570 5002 His
2600 4965 2683 5005 me
2713 4951 2900 5026 deripe
2930 4925 3234 5017 fluctibus':

764 5015 962 5076 Terror
991 5028 1210 5094 pectora
1237 5025 1506 5085 verberat.
2539 5037 2716 5096 Obvia
2745 5015 2953 5102 Christi

829 5107 937 5180 En,
968 5125 1089 5213 ego,
1118 5112 1369 5213 Christus
2464 5131 2700 5189 Dextera
2729 5151 2889 5208 quem
2921 5141 3130 5213 rapuit;

759 5198 830 5313 Et
862 5215 1013 5257 sacer
1043 5201 1308 5313 intonuit,
1394 5303 1408 5313 Δ
2465 5198 2879 5313 Conscensaque
2905 5198 3129 5290 ubth
3157 5231 3249 5307 [τη
3281 5235 3548 5313 liburna],

761 5287 974 5380 Simon,
1006 5291 1201 5350 robore
1227 5303 1470 5370 sumpto,
2463 5311 2680 5370 Cedunt
2705 5287 2873 5374 noiria
2903 5319 3150 5380 ﬂamina.

761 5378 889 5484 Hic
915 5379 975 5437 in
1003 5381 1210 5440 famina
1235 5386 1488 5458 prosilit:
2534 5403 2621 5461 92.
2655 5405 2765 5463 Nos
2789 5424 3007 5484 quoque
3038 5378 3249 5472 dudum

828 5467 886 5526 Si
916 5477 1012 5527 tua
1039 5489 1166 5530 vere
2464 5467 2854 5555 Praetumiduin
2883 5467 3125 5576 pelagus,

545 5623 568 5652 ι
607 5607 749 5666 Vide
774 5611 1136 5687 Evangelium
1161 5621 1425 5696 Matthxi,
1451 5642 1570 5700 cap.
1604 5643 1719 5698 xw,
1750 5648 1781 5689 a
1813 5647 1952 5689 vers.
1977 5633 2064 5695 22.
