4066 6190
228 218 376 280 1173

525 370 740 428 Summi
769 370 994 427 nomine
1023 369 1231 429 Christi

525 458 751 529 Confisi,
783 460 1192 532 penetravimus
1217 479 1228 516 :

588 550 706 605 1am
737 550 849 606 fere
879 549 990 623 [B.,
1019 550 1212 624 prope]
1243 565 1435 607 cursus

517 638 865 710 Contigimus
894 639 1103 695 medios
1128 655 1139 695 :

517 727 678 784 Ponti
709 728 893 784 cerula
921 735 1156 798 tantum,

519 818 591 874 Et
620 818 820 874 cmlum
849 817 1094 891 undique
1123 816 1388 875 cernitur.

589 906 808 963 Auxius
833 906 1018 963 haurit

517 997 743 1052 Pectora
769 995 992 1069 jamque
1023 1011 1211 1068 pavor.

518 1085 744 1142 Tollunt
773 1101 990 1159 aequora
1012 1087 1212 1142 molem
1238 1104 1250 1142 :

1262 219 1358 276 DE
1396 219 1567 278 VITA
1641 219 1696 278 S.
1741 220 2084 279 GERMANI.
2124 251 2194 263 -
2232 219 2366 277 LIB.
2409 219 2504 277 IV.

1851 379 1900 437 A

3407 221 3545 281 1174

2213 373 2442 444 Incoepti
2475 387 2692 446 quoque
2735 371 3032 446 poenitent.

2297 461 2480 517 Pande
2510 477 2782 531 serenam,

2220 550 2457 619 Christe,
2494 559 2678 606 tamen
2714 551 2934 620 faciem,

2225 642 2357 714 Spes
2381 649 2434 697 et
2455 641 2662 713 respice
2685 641 2867 714 lapsas
2902 659 2914 698 :

2221 729 2381 788 Votis
2409 730 2596 786 omnia
2625 730 2911 786 cesserint.

2295 819 2523 893 Jamque
2554 825 2840 890 potentem

2221 909 2392 982 Porge
2424 924 2648 964 manum
2678 905 2894 979 trepido
2924 926 2937 964 :

2222 997 2417 1052 Ausim
2449 996 2711 1052 scandere
2748 1004 2932 1053 tecum

2219 1086 2542 1160 Quanquam
2566 1093 2724 1141 torva
2754 1085 3019 1157 pericula.

1490 1341 1756 1413 LIBER
1816 1339 2260 1426 QUARTUS.

740 1578 967 1638 CAPUT
1015 1579 1306 1638 PRIMUM.

227 1681 434 1738 thera
461 1676 606 1750 apud
634 1678 933 1808 Britanijplsl
959 1685 1143 1806 gestit,
1172 1696 1233 1734 ac
1265 1677 1565 1750 praesertim
1595 1677 1815 1734 victoria

936 1768 960 1805 ε
989 1768 1075 1805 tua
1104 1768 1202 1805 tca.

936 1768 1202 1805 ettuauca.

288 1847 377 1904 93.
425 1847 704 1903 Straverat
735 1846 1018 1903 infandam
1065 1847 1201 1903 felix
1250 1847 1561 1902 constantia
1590 1855 1819 1920 pestem,

219 1937 349 1995 Nisa
377 1939 518 2008 Deo,
551 1954 798 2012 puroque
830 1938 962 1993 ﬁdes
991 1939 1267 1995 conﬂanta
1298 1954 1512 2004 sereno,

219 2029 437 2102 lgnibat
466 2030 631 2086 castis
659 2037 982 2087 cunctorum
1013 2038 1232 2103 pectora
1266 2027 1504 2084 ﬂammis

216 2119 371 2176 Iusta
401 2134 724 2175 reversuros
755 2119 964 2190 pepulit
994 2119 1266 2174 sententia
1292 2117 1501 2184 Patres,

215 2207 481 2280 Martyris
511 2205 711 2262 Albani
743 2206 890 2261 votis
919 2205 1126 2261 ambire
1163 2205 1496 2276 sepulcrum.

216 2296 463 2368 Protegit
502 2295 598 2350 ille
626 2311 754 2350 suos
795 2294 1007 2350 meritis
1038 2293 1398 2367 precibusque
1431 2291 1746 2361 Britannos,

212 2386 392 2443 Millia
422 2400 707 2458 posnarum
741 2383 945 2442 Christi
978 2400 1074 2456 pro
1107 2383 1330 2438 nomine
1361 2398 1588 2455 passus;

216 2475 431 2532 Ultima
464 2488 625 2546 quem
658 2473 858 2544 capitis
887 2471 1069 2544 rapuit
1098 2472 1369 2527 sententia
1397 2471 1516 2528 caeli
1543 2489 1554 2527 :

212 2565 287 2621 At
316 2579 432 2620 non
465 2561 648 2618 lictori
685 2561 850 2618 cessit
881 2577 965 2618 res
998 2570 1116 2616 tuta
1147 2558 1384 2634 superbo
1409 2577 1422 2626 ;

213 2653 396 2726 thue
423 2659 592 2725 caput
619 2645 832 2720 sancto,
869 2649 1185 2707 ceciderunt
1214 2648 1428 2705 lumina
1451 2665 1619 2704 saevo.

214 2740 306 2798 Sic
335 2751 418 2810 tu,
453 2740 692 2810 Christe,
727 2747 852 2796 tuos
885 2739 1162 2795 interdum
1192 2738 1456 2794 ulciscere
1487 2754 1694 2796 servos.

288 2829 380 2887 94.
426 2830 502 2886 Te
549 2845 765 2903 quoque
825 2827 1142 2902 perstringi,
1198 2835 1430 2901 martyr,
1480 2843 1593 2883 non
1639 2827 1818 2884 abnue

1533 2917 1744 2993 [verbis

210 3013 342 3070 Plus
368 3011 524 3086 justo
550 3010 850 3067 brevibus:
885 3027 1012 3067 nam
1040 3010 1098 3066 ni
1129 3011 1343 3083 potiora
1373 3017 1656 3078 vocarent,

211 3105 376 3160 Forte
399 3101 539 3158 meis
567 3110 621 3157 et
649 3109 709 3158 tu
730 3100 954 3157 calamis
984 3098 1258 3156 obnoxius
1288 3113 1452 3155 esses.

208 3193 384 3266 quue
413 3191 552 3248 mihi
586 3199 796 3264 gratum
827 3207 976 3246 nunc
1003 3206 1114 3244 non
1143 3189 1494 3246 mediocriter
1522 3195 1721 3244 exstat.

208 3281 394 3350 Quod,
421 3289 474 3338 te
503 3280 776 3337 Germano
806 3279 1082 3353 quondam
1113 3278 1312 3335 favisse
1341 3278 1524 3348 beato,

207 3373 449 3446 Accipio
473 3391 486 3442 ;
519 3373 722 3446 quique
751 3372 962 3428 auctori
991 3371 1298 3441 persolvere
1323 3367 1577 3440 pulchras

207 3461 334 3518 Rite
366 3477 570 3534 parans
599 3468 796 3532 grates,
832 3465 1034 3512 reserat
1063 3457 1302 3528 pretiosa
1327 3457 1563 3528 sepulcri

205 3550 472 3610 Claustra
500 3549 608 3617 tui,
641 3548 960 3618 cineresque
985 3545 1106 3616 pios
1136 3552 1286 3600 casto
1315 3545 1510 3602 ordine
1547 3546 1716 3604 sacris

199 3639 538 3698 Muneribus
575 3636 883 3704 cumulans,
926 3642 1238 3691 sanctorum
1271 3635 1498 3708 pignora
1535 3637 1743 3706 condit,

197 3725 463 3788 Diversis
491 3726 720 3784 collecta
750 3724 886 3780 locis
912 3741 924 3780 :
953 3724 1032 3780 sic
1052 3724 1288 3798 denique
1307 3724 1519 3798 justum

196 3822 294 3879 Sic
326 3821 450 3876 fore
474 3817 810 3876 conveniens
838 3835 850 3884 ;
885 3817 1068 3874 loculo
1099 3823 1412 3888 tegerentur
1441 3830 1501 3876 ut
1531 3838 1666 3888 uno,

196 3911 354 3980 Quos
384 3908 577 3965 eadem
610 3906 825 3963 meritis
857 3905 1110 3962 nectebat
1141 3906 1314 3976 gloria
1343 3907 1612 3978 pulchris.

200 3999 457 4058 Muneris
484 3997 652 4071 inque
683 3995 884 4061 vicem,
913 4010 1067 4050 sacro
1097 3992 1163 4048 de
1194 3995 1418 4064 pulvere
1451 4004 1660 4066 partem

201 4088 470 4148 Sustulit.
503 4087 746 4143 Infectus
776 4084 899 4141 fuso
929 4083 996 4140 de
1022 4082 1287 4154 sanguine
1317 4098 1523 4154 cespes,

203 4182 345 4238 Tum
379 4193 602 4253 quoque
633 4175 875 4242 certabat
903 4173 1104 4230 veteris
1150 4171 1490 4230 monimenta
1521 4172 1808 4247 triumphi.

205 4271 322 4328 Hoc
352 4283 542 4327 secum
591 4265 792 4340 praesul
823 4265 1020 4338 plenus
1058 4261 1264 4319 virtute
1312 4263 1517 4320 revixit
1559 4264 1691 4335 (lege
1717 4280 1812 4320 re-

1509 4351 1738 4427 [vexit),

204 4450 350 4507 Hinc
390 4446 497 4504 tibi
527 4443 769 4502 surrexit
796 4441 1043 4516 praeclari
1075 4440 1372 4498 schematis
1401 4443 1525 4498 aula

202 4545 486 4603 Manibus
516 4541 574 4598 in
604 4538 829 4607 nostris,
863 4537 1118 4594 manibus
1145 4543 1461 4594 constructa
1490 4536 1666 4594 beatis
1693 4543 1736 4594 '.

205 4636 331 4704 Hic,
373 4633 611 4700 Albane,
641 4644 847 4702 preces,
880 4626 972 4685 hic
999 4627 1156 4682 audis
1182 4634 1312 4682 vota
1340 4626 1560 4699 piorum
1587 4645 1600 4694 ;

203 4725 422 4798 Saepius
451 4721 546 4778 hic
569 4719 706 4794 justi
734 4719 883 4776 cives
911 4733 1126 4774 sensere
1155 4733 1440 4789 supernos.

275 4812 368 4871 95.
413 4809 660 4882 Quisque
705 4806 828 4882 [pro
863 4804 1138 4881 quisquis]
1180 4806 1267 4879 pie
1315 4804 1482 4873 vixit,
1530 4803 1651 4859 diro
1683 4821 1810 4859 mox

1221 4893 1556 4968 [comminus
1585 4893 1730 4951 hosti

201 4993 333 5049 Sese
364 5001 724 5060 congressum
757 4985 953 5058 capitis
981 4983 1300 5040 discrimine
1332 4983 1522 5039 sensit.

201 5079 435 5139 Divinis
467 5078 719 5133 functum
754 5075 934 5148 prisco
959 5074 1026 5130 de
1057 5089 1207 5129 more
1239 5072 1472 5144 negotis,

202 5171 442 5244 Jamque
467 5173 831 5224 revertentem
860 5163 947 5219 vis
975 5161 1182 5236 excipit
1217 5161 1408 5217 invida
1444 5168 1731 5228 sanctum;

202 5259 344 5315 Tum
379 5255 535 5332 pacis
565 5254 835 5328 gerulum,
866 5266 1368 5326 praecursoremque
1397 5247 1596 5306 salutis

201 5347 442 5422 Impulit
474 5344 683 5402 incauti
713 5342 1014 5400 contritum
1045 5341 1284 5414 pondere
1312 5339 1510 5411 lapsus

203 5442 375 5498 Forte
410 5437 629 5512 pedem.
665 5434 929 5492 Lubricos
957 5433 1060 5490 hac
1089 5430 1334 5499 instruis,
1368 5429 1556 5502 impie,
1590 5445 1807 5502 semper

274 5603 295 5628 ³
317 5587 434 5646 Adi
448 5594 727 5646 auctorem
743 5592 992 5642 nostrum
1006 5582 1150 5638 infra
1171 5581 1229 5637 in
1241 5579 1520 5638 Miraculis
1541 5595 1694 5635 num.
1723 5579 1812 5637 17.

1933 1580 2067 1636 Arte
2097 1579 2256 1637 dolos
2281 1597 2295 1648 ;
2330 1595 2526 1636 aurum
2554 1579 2648 1637 sed
2673 1579 2821 1656 quod
2851 1581 3074 1640 fornace
3103 1581 3390 1656 probetur,

1934 1669 2230 1725 Immemor
2261 1669 2563 1727 interdum.
2598 1669 2818 1728 Veteris
2848 1671 3166 1730 meminisse
3196 1670 3372 1728 duelli

1933 1757 2238 1815 Profuerat.
2271 1757 2559 1826 Quondam
2582 1761 2796 1817 meritis
2827 1761 2929 1817 Job
2957 1762 3140 1818 clarus
3164 1761 3386 1834 opimis,

1933 1847 2146 1905 Clarior
2175 1857 2370 1905 exacto
2407 1850 2573 1906 rediit
2601 1851 2901 1908 certamine
2931 1852 3132 1908 victor.

1857 1938 1902 1996 B
1933 1936 2004 1992 Et
2039 1952 2354 2009 quanquam
2387 1953 2634 1994 summos
2662 1940 2951 2011 impellant
2989 1939 3226 1995 fulmina
3257 1947 3491 2008 montes,

1934 2025 2055 2080 Non
2084 2040 2214 2080 sane
2243 2025 2300 2082 id
2331 2025 2478 2098 quod
2500 2035 2630 2082 sunt
2659 2035 2872 2084 cessant
2902 2027 3138 2084 existere
3168 2037 3402 2084 montes.

2005 2113 2097 2169 96.
2141 2111 2392 2186 Cumque
2423 2115 2544 2170 loco
2572 2114 2749 2171 fessus
2791 2122 2946 2188 pater
2975 2123 3280 2173 arctaretur
3308 2115 3523 2184 eodem,

1935 2200 2172 2257 Cernere
2201 2209 2318 2256 erat
2349 2209 2552 2258 tectam
2580 2203 2768 2259 modio
2797 2212 3015 2276 torpere
3045 2206 3347 2262 lucernam.

1932 2293 2095 2348 Forte
2124 2299 2463 2348 emerserunt
2495 2292 2694 2349 validis
2725 2293 2981 2352 incendia
3014 2293 3220 2363 ﬂabris,

1932 2381 2160 2438 Vicinas
2191 2381 2452 2454 populata
2480 2380 2710 2448 domos;
2740 2382 2962 2456 jamque
2993 2384 3180 2438 omnia
3211 2384 3416 2441 victrix

1933 2470 2181 2525 Flamma
2208 2477 2355 2526 tenet
2392 2488 2402 2526 :
2437 2485 2558 2543 spes
2588 2471 2770 2527 omnis
2799 2471 2952 2539 abit;
2998 2480 3327 2545 consumpta
3359 2473 3528 2546 palu-

3271 2565 3417 2638 fstri,

1931 2651 2094 2709 Tecta
2123 2659 2348 2725 crepant
2377 2652 2623 2720 calame;
2673 2652 2833 2722 furit,
2886 2661 2940 2710 et
2974 2653 3088 2726 jam
3127 2657 3377 2728 praesulis
3426 2656 3526 2712 in-

3241 2741 3418 2816 [gens.

1930 2834 2130 2890 Fertur
2171 2832 2227 2888 in
2259 2831 2588 2906 hospitium,
2621 2832 2879 2906 zephyris
2915 2833 3262 2904 urgentibus,
3296 2835 3439 2906 ignis
3474 2853 3486 2892 :

1927 2921 2109 2978 Turba
2129 2923 2282 2978 volat
2306 2941 2318 2990 ;
2354 2921 2721 2994 manibusque
2756 2921 2916 2976 Pater
2945 2921 3196 2979 sublatus
3225 2923 3421 2980 amicis

1928 3011 2240 3068 Discrimen
2270 3011 2446 3084 fugiat
2474 3012 2620 3068 votis
2641 3009 3012 3067 concordibus
3040 3017 3220 3066 orant.

1927 3099 2139 3157 Abnuit
2159 3101 2409 3168 antistes,
2441 3099 2816 3172 castigatoque
2854 3098 3127 3166 tumultu,

1925 3193 2174 3262 Increpat
2202 3191 2428 3258 inﬁdos,
2459 3190 2613 3245 nulla
2644 3189 2855 3245 ratione
2886 3187 3097 3244 moveri

1847 3299 1891 3358 ρ
1927 3281 1994 3337 Se
2026 3297 2214 3354 passus
2247 3299 2258 3336 :
2296 3288 2450 3337 tanta
2489 3287 2570 3336 est
2599 3278 2730 3335 ﬁdei
2761 3278 3074 3335 constantia
3101 3285 3310 3334 sancto.

1930 3369 2089 3427 Plebs
2118 3370 2392 3442 trepidare
2421 3377 2571 3425 metu
2595 3369 2983 3441 ﬂammamque
3027 3368 3294 3425 obsistere
3327 3374 3522 3426 contra

1931 3460 2212 3516 Humanos
2241 3459 2396 3515 nisus
2426 3465 2642 3531 turpem
2672 3457 2878 3530 cepisse
2908 3458 3206 3529 repulsam,

1928 3551 2055 3607 Mox
2085 3549 2258 3622 patuit
2293 3569 2304 3606 :
2337 3566 2463 3605 nam
2494 3547 2863 3620 consumptis,
2894 3563 3234 3621 quascunque
3267 3547 3411 3604 tueri

1928 3639 2111 3695 Turba
2139 3640 2313 3712 cupit,
2347 3639 2393 3696 si
2421 3637 2556 3712 quid
2602 3638 2801 3711 praesul
2833 3636 3150 3694 defenderat
3180 3653 3339 3709 aeger,

1927 3729 2179 3786 Excessit
2204 3728 2445 3797 rabidos,
2476 3727 2674 3784 merito
2703 3735 3004 3800 pugnante,
3041 3741 3271 3799 vapores
3297 3743 3308 3781 :

1928 3817 2174 3893 Cumque
2202 3818 2314 3875 fere
2343 3817 2533 3891 spatiis
2571 3817 2715 3872 ultra
2744 3816 2988 3890 citraque
3017 3815 3279 3884 subactis,

1926 3906 2212 3979 Spargeret
2237 3907 2508 3963 immitem
2543 3905 2862 3980 pOpulatrix
2896 3904 3115 3960 flamma
3141 3903 3404 3972 furorem,

1925 3994 2168 4066 Expavit
2199 3995 2401 4050 modici
2431 3994 2750 4066 contingere
2778 4001 2920 4052 tecta
2950 3994 3196 4066 mapalis,

1925 4081 2083 4151 Quod
2122 4083 2279 4137 Pater
2308 4084 2558 4140 inclusus
2595 4091 2757 4140 torvo
2787 4085 3031 4139 servavit
3062 4083 3128 4139 ab
3164 4083 3300 4156 igni.

1923 4171 2242 4227 Pertentant
2270 4169 2484 4224 animos
2522 4169 2768 4240 ingentia
2804 4168 3000 4238 gaudia
3032 4170 3228 4238 plebis,

1922 4262 2098 4333 Seque
2136 4258 2308 4329 magis
2338 4273 2534 4329 supero
2566 4256 2827 4312 laetantur
2859 4255 3087 4310 numine
3124 4255 3320 4313 victos.

1992 4351 2078 4407 97.
2137 4349 2244 4404 Nec
2298 4345 2492 4418 stringi
2551 4346 2831 4413 numeris,
2894 4360 2994 4400 nec
3045 4352 3272 4416 possunt
3325 4345 3515 4401 cedere

3158 4433 3388 4507 [verbis,

1919 4527 2236 4598 Languidus
2264 4523 2505 4597 hospitio
2535 4521 2734 4595 praesul
2767 4535 2887 4591 quae
2920 4518 3084 4590 gessit
3125 4520 3183 4574 in
3213 4519 3331 4574 illo.

1843 4653 1890 4712 D
1920 4618 2117 4673 Noctes
2143 4621 2305 4687 atque
2332 4612 2450 4669 dies
2480 4611 2810 4668 miserorum
2841 4608 3003 4664 turba
3027 4607 3266 4680 jacentis

1921 4704 2175 4762 Excubat
2203 4713 2328 4760 ante
2371 4702 2555 4768 fores;
2590 4698 2794 4755 animis
2835 4697 3222 4770 languentibus
3251 4696 3343 4753 isti

1922 4793 2256 4868 Corporibus
2280 4798 2514 4865 poscunt
2533 4789 2791 4847 columen
2820 4785 3142 4844 tabentibus
3171 4785 3276 4842 illi.

1921 4884 2169 4957 Cumque
2198 4881 2343 4938 nihil
2373 4887 2655 4954 pateretur
2683 4877 2804 4950 opis
2847 4875 3139 4935 succedere
3170 4873 3368 5034 mo[rbol
3388 4871 3512 5032 []suo

3274 4978 3344 5016 sci
3375 5005 3384 5014 .
3424 5002 3438 5026 ,

3274 4978 3384 5016 seu.
3405 4978 3438 5026 ι,

1914 5072 2084 5129 Nocte
2112 5071 2235 5126 viro
2255 5068 2488 5143 quadam
2519 5065 2753 5140 speciosi
2794 5061 3042 5119 numinis
3078 5061 3272 5128 instar,

1915 5160 2241 5218 Ethereum
2272 5157 2488 5231 spirans
2530 5155 2803 5225 vultuque
2834 5158 2887 5207 et
2916 5149 3160 5222 tegmine
3189 5145 3474 5221 quiddam,

1917 5249 2172 5308 Cernitur
2201 5264 2212 5301 :
2239 5245 2458 5302 admota
2487 5251 2702 5300 rectum
2731 5240 3029 5298 consistere
3059 5237 3254 5294 dextra

1917 5340 2171 5410 Imperat,
2208 5336 2376 5407 inque
2405 5334 2569 5406 pedes
2599 5337 2889 5387 nutantem
2920 5327 3174 5400 subrigit.
3209 5326 3330 5394 Ille,

1917 5427 2127 5484 Robore
2167 5430 2453 5494 concepto,
2490 5428 2729 5494 raptum,
2762 5417 3085 5476 cedentibus
3114 5413 3351 5484 umbris,
