  <div class='ocr_page' id='page_1' title='image "/cluster/home/n/w/nwhite01/storage/ocr_20150623/124/hvd.32044054759865/594.png"; bbox 0 0 4074 6186; ppageno 0'>
   <div class='ocr_carea' id='block_1_1' title="bbox 255 263 396 323">
    <p class='ocr_par' dir='ltr' id='par_1_1' title="bbox 255 263 396 323">
     <span class='ocr_line' id='line_1_1' title="bbox 255 263 396 323; baseline -0.021 0"><span class='ocrx_word' id='word_1_1' title='bbox 255 263 396 323; x_wconf 77' lang='grc'><strong>1177</strong></span> 
     </span>
    </p>
   </div>
   <div class='ocr_carea' id='block_1_2' title="bbox 250 411 1612 482">
    <p class='ocr_par' dir='ltr' id='par_1_2' title="bbox 250 411 1612 482">
     <span class='ocr_line' id='line_1_2' title="bbox 250 411 1612 482; baseline -0.004 -9"><span class='ocrx_word' id='word_1_2' title='bbox 250 417 560 474; x_wconf 86' lang='lat' dir='ltr'><strong>Germanus</strong></span> <span class='ocrx_word' id='word_1_3' title='bbox 588 421 775 471; x_wconf 88' lang='lat' dir='ltr'><strong>notam</strong></span> <span class='ocrx_word' id='word_1_4' title='bbox 801 412 1024 471; x_wconf 80' lang='lat' dir='ltr'><strong>tandem</strong></span> <span class='ocrx_word' id='word_1_5' title='bbox 1052 411 1267 470; x_wconf 89' lang='lat' dir='ltr'><strong>delatus</strong></span> <span class='ocrx_word' id='word_1_6' title='bbox 1304 411 1373 468; x_wconf 87' lang='lat' dir='ltr'><strong>ad</strong></span> <span class='ocrx_word' id='word_1_7' title='bbox 1397 411 1612 482; x_wconf 83' lang='lat' dir='ltr'><strong>urbem,</strong></span> 
     </span>
    </p>
   </div>
   <div class='ocr_carea' id='block_1_3' title="bbox 250 504 1490 579">
    <p class='ocr_par' dir='ltr' id='par_1_3' title="bbox 250 504 1490 579">
     <span class='ocr_line' id='line_1_3' title="bbox 250 504 1490 579; baseline -0.005 -15"><span class='ocrx_word' id='word_1_8' title='bbox 250 507 518 564; x_wconf 83' lang='lat' dir='ltr'><strong>Ambitur</strong></span> <span class='ocrx_word' id='word_1_9' title='bbox 546 504 758 578; x_wconf 83' lang='lat' dir='ltr'><strong>duplici</strong></span> <span class='ocrx_word' id='word_1_10' title='bbox 784 513 968 579; x_wconf 84' lang='lat' dir='ltr'><strong>pastor</strong></span> <span class='ocrx_word' id='word_1_11' title='bbox 993 505 1194 578; x_wconf 89' lang='lat' dir='ltr'><strong>pietate</strong></span> <span class='ocrx_word' id='word_1_12' title='bbox 1222 520 1448 560; x_wconf 88' lang='lat' dir='ltr'><strong>suorum</strong></span> <span class='ocrx_word' id='word_1_13' title='bbox 1476 520 1490 571; x_wconf 93' lang='lat'><strong>;</strong></span> 
     </span>
    </p>
   </div>
   <div class='ocr_carea' id='block_1_4' title="bbox 160 593 1497 667">
    <p class='ocr_par' dir='ltr' id='par_1_4' title="bbox 160 593 1497 667">
     <span class='ocr_line' id='line_1_4' title="bbox 160 593 1497 667; baseline -0.006 -10"><span class='ocrx_word' id='word_1_14' title='bbox 160 656 175 667; x_wconf 82' lang='grc'><em>,</em></span> <span class='ocrx_word' id='word_1_15' title='bbox 248 598 429 656; x_wconf 85' lang='lat' dir='ltr'><strong>Obvia</strong></span> <span class='ocrx_word' id='word_1_16' title='bbox 458 595 621 653; x_wconf 89' lang='lat' dir='ltr'><strong>turba</strong></span> <span class='ocrx_word' id='word_1_17' title='bbox 654 595 785 663; x_wconf 78' lang='lat' dir='ltr'><strong>ruit,</strong></span> <span class='ocrx_word' id='word_1_18' title='bbox 819 596 974 651; x_wconf 89' lang='lat' dir='ltr'><strong>luctu</strong></span> <span class='ocrx_word' id='word_1_19' title='bbox 1001 602 1200 651; x_wconf 90' lang='lat' dir='ltr'><strong>testata</strong></span> <span class='ocrx_word' id='word_1_20' title='bbox 1229 593 1497 663; x_wconf 84' lang='lat' dir='ltr'><strong>dolorem,</strong></span> 
     </span>
    </p>
   </div>
   <div class='ocr_carea' id='block_1_5' title="bbox 245 681 1706 753">
    <p class='ocr_par' dir='ltr' id='par_1_5' title="bbox 245 681 1706 753">
     <span class='ocr_line' id='line_1_5' title="bbox 245 681 1706 753; baseline -0.004 -10"><span class='ocrx_word' id='word_1_21' title='bbox 245 686 454 743; x_wconf 87' lang='lat' dir='ltr'><strong>Plausu</strong></span> <span class='ocrx_word' id='word_1_22' title='bbox 486 683 736 740; x_wconf 62' lang='lat' dir='ltr'><strong>laetitiam</strong></span> <span class='ocrx_word' id='word_1_23' title='bbox 762 702 775 751; x_wconf 92' lang='lat'><strong>;</strong></span> <span class='ocrx_word' id='word_1_24' title='bbox 804 683 995 739; x_wconf 83' lang='lat' dir='ltr'><strong>mixtis</strong></span> <span class='ocrx_word' id='word_1_25' title='bbox 1025 682 1085 738; x_wconf 91' lang='lat' dir='ltr'><strong>in</strong></span> <span class='ocrx_word' id='word_1_26' title='bbox 1114 691 1410 753; x_wconf 86' lang='lat' dir='ltr'><strong>utrumque</strong></span> <span class='ocrx_word' id='word_1_27' title='bbox 1444 681 1706 738; x_wconf 91' lang='lat' dir='ltr'><strong>feruntur</strong></span> 
     </span>
    </p>
   </div>
   <div class='ocr_carea' id='block_1_6' title="bbox 247 771 1769 849">
    <p class='ocr_par' dir='ltr' id='par_1_6' title="bbox 247 771 1769 849">
     <span class='ocr_line' id='line_1_6' title="bbox 247 771 1769 849; baseline -0.003 -17"><span class='ocrx_word' id='word_1_28' title='bbox 247 774 487 849; x_wconf 77' lang='lat' dir='ltr'><strong>Agmina</strong></span> <span class='ocrx_word' id='word_1_29' title='bbox 515 780 672 830; x_wconf 88' lang='lat' dir='ltr'><strong>tanta</strong></span> <span class='ocrx_word' id='word_1_30' title='bbox 700 772 915 829; x_wconf 87' lang='lat' dir='ltr'><strong>modis:</strong></span> <span class='ocrx_word' id='word_1_31' title='bbox 947 771 1208 844; x_wconf 86' lang='lat' dir='ltr'><strong>lacrymis</strong></span> <span class='ocrx_word' id='word_1_32' title='bbox 1236 779 1293 827; x_wconf 87' lang='lat' dir='ltr'><strong>at</strong></span> <span class='ocrx_word' id='word_1_33' title='bbox 1322 771 1520 843; x_wconf 87' lang='lat' dir='ltr'><strong>gaudia</strong></span> <span class='ocrx_word' id='word_1_34' title='bbox 1546 772 1769 827; x_wconf 88' lang='lat' dir='ltr'><strong>cedunt.</strong></span> 
     </span>
    </p>
   </div>
   <div class='ocr_carea' id='block_1_7' title="bbox 244 861 1751 930">
    <p class='ocr_par' dir='ltr' id='par_1_7' title="bbox 244 861 1751 930">
     <span class='ocr_line' id='line_1_7' title="bbox 244 861 1751 930; baseline -0.003 -8"><span class='ocrx_word' id='word_1_35' title='bbox 244 866 527 922; x_wconf 83' lang='lat' dir='ltr'><strong>Presserat</strong></span> <span class='ocrx_word' id='word_1_36' title='bbox 568 865 626 920; x_wconf 91' lang='lat' dir='ltr'><strong>in</strong></span> <span class='ocrx_word' id='word_1_37' title='bbox 656 863 886 920; x_wconf 89' lang='lat' dir='ltr'><strong>miseros</strong></span> <span class='ocrx_word' id='word_1_38' title='bbox 917 864 1137 919; x_wconf 91' lang='lat' dir='ltr'><strong>clavum</strong></span> <span class='ocrx_word' id='word_1_39' title='bbox 1166 863 1389 918; x_wconf 78' lang='lat' dir='ltr'><strong>fortuna</strong></span> <span class='ocrx_word' id='word_1_40' title='bbox 1419 861 1682 918; x_wconf 80' lang='lat' dir='ltr'><strong>trabalem</strong></span> <span class='ocrx_word' id='word_1_41' title='bbox 1711 870 1751 930; x_wconf 89' lang='lat'><strong>&#39;,</strong></span> 
     </span>
    </p>
   </div>
   <div class='ocr_carea' id='block_1_8' title="bbox 242 950 1839 1020">
    <p class='ocr_par' dir='ltr' id='par_1_8' title="bbox 242 950 1839 1020">
     <span class='ocr_line' id='line_1_8' title="bbox 242 950 1839 1020; baseline -0.004 -7"><span class='ocrx_word' id='word_1_42' title='bbox 242 958 390 1013; x_wconf 91' lang='lat' dir='ltr'><strong>Dum</strong></span> <span class='ocrx_word' id='word_1_43' title='bbox 420 955 579 1011; x_wconf 86' lang='lat' dir='ltr'><strong>Pater</strong></span> <span class='ocrx_word' id='word_1_44' title='bbox 606 954 787 1010; x_wconf 88' lang='lat' dir='ltr'><strong>almus</strong></span> <span class='ocrx_word' id='word_1_45' title='bbox 810 954 962 1011; x_wconf 89' lang='lat' dir='ltr'><strong>abest</strong></span> <span class='ocrx_word' id='word_1_46' title='bbox 991 968 1181 1010; x_wconf 83' lang='lat' dir='ltr'><strong>causas</strong></span> <span class='ocrx_word' id='word_1_47' title='bbox 1210 959 1397 1008; x_wconf 90' lang='lat' dir='ltr'><strong>tamen</strong></span> <span class='ocrx_word' id='word_1_48' title='bbox 1419 952 1615 1009; x_wconf 90' lang='lat' dir='ltr'><strong>ordine</strong></span> <span class='ocrx_word' id='word_1_49' title='bbox 1635 950 1839 1020; x_wconf 88' lang='lat' dir='ltr'><strong>discit;</strong></span> 
     </span>
    </p>
   </div>
   <div class='ocr_carea' id='block_1_9' title="bbox 242 1041 1521 1119">
    <p class='ocr_par' dir='ltr' id='par_1_9' title="bbox 242 1041 1521 1119">
     <span class='ocr_line' id='line_1_9' title="bbox 242 1041 1521 1119; baseline -0.005 -17"><span class='ocrx_word' id='word_1_50' title='bbox 242 1046 547 1119; x_wconf 84' lang='lat' dir='ltr'><strong>Oppressos</strong></span> <span class='ocrx_word' id='word_1_51' title='bbox 574 1044 786 1101; x_wconf 91' lang='lat' dir='ltr'><strong>dudum</strong></span> <span class='ocrx_word' id='word_1_52' title='bbox 822 1043 1064 1100; x_wconf 85' lang='lat' dir='ltr'><strong>censoris</strong></span> <span class='ocrx_word' id='word_1_53' title='bbox 1094 1041 1339 1115; x_wconf 89' lang='lat' dir='ltr'><strong>pondere</strong></span> <span class='ocrx_word' id='word_1_54' title='bbox 1370 1042 1521 1097; x_wconf 88' lang='lat' dir='ltr'><strong>cives</strong></span> 
     </span>
    </p>
   </div>
   <div class='ocr_carea' id='block_1_10' title="bbox 238 1131 1490 1192">
    <p class='ocr_par' dir='ltr' id='par_1_10' title="bbox 238 1131 1490 1192">
     <span class='ocr_line' id='line_1_10' title="bbox 238 1131 1490 1192; baseline -0.004 -1"><span class='ocrx_word' id='word_1_55' title='bbox 238 1135 443 1192; x_wconf 86' lang='lat' dir='ltr'><strong>Acrius</strong></span> <span class='ocrx_word' id='word_1_56' title='bbox 470 1133 715 1189; x_wconf 81' lang='lat' dir='ltr'><strong>insolitis</strong></span> <span class='ocrx_word' id='word_1_57' title='bbox 743 1149 856 1189; x_wconf 91' lang='lat' dir='ltr'><strong>rem</strong></span> <span class='ocrx_word' id='word_1_58' title='bbox 887 1131 1214 1188; x_wconf 89' lang='lat' dir='ltr'><strong>contrivisse</strong></span> <span class='ocrx_word' id='word_1_59' title='bbox 1242 1131 1490 1187; x_wconf 76' lang='lat' dir='ltr'><strong>tributis.</strong></span> 
     </span>
    </p>
   </div>
   <div class='ocr_carea' id='block_1_11' title="bbox 238 1220 1558 1296">
    <p class='ocr_par' dir='ltr' id='par_1_11' title="bbox 238 1220 1558 1296">
     <span class='ocr_line' id='line_1_11' title="bbox 238 1220 1558 1296; baseline -0.002 -16"><span class='ocrx_word' id='word_1_60' title='bbox 238 1223 479 1296; x_wconf 80' lang='lat' dir='ltr'><strong>Ingemit</strong></span> <span class='ocrx_word' id='word_1_61' title='bbox 504 1223 798 1290; x_wconf 64' lang='lat' dir='ltr'><strong>aerumnis;</strong></span> <span class='ocrx_word' id='word_1_62' title='bbox 832 1222 1053 1296; x_wconf 87' lang='lat' dir='ltr'><strong>pietatis</strong></span> <span class='ocrx_word' id='word_1_63' title='bbox 1082 1222 1293 1278; x_wconf 86' lang='lat' dir='ltr'><strong>viscera</strong></span> <span class='ocrx_word' id='word_1_64' title='bbox 1322 1220 1519 1294; x_wconf 86' lang='lat' dir='ltr'><strong>pandit</strong></span> <span class='ocrx_word' id='word_1_65' title='bbox 1545 1238 1558 1287; x_wconf 90' lang='lat'><strong>;</strong></span> 
     </span>
    </p>
   </div>
   <div class='ocr_carea' id='block_1_12' title="bbox 240 1310 1499 1385">
    <p class='ocr_par' dir='ltr' id='par_1_12' title="bbox 240 1310 1499 1385">
     <span class='ocr_line' id='line_1_12' title="bbox 240 1310 1499 1385; baseline -0.005 -14"><span class='ocrx_word' id='word_1_66' title='bbox 240 1315 512 1382; x_wconf 84' lang='lat' dir='ltr'><strong>Bimatur,</strong></span> <span class='ocrx_word' id='word_1_67' title='bbox 545 1328 782 1385; x_wconf 91' lang='lat' dir='ltr'><strong>quanam</strong></span> <span class='ocrx_word' id='word_1_68' title='bbox 819 1312 1047 1368; x_wconf 92' lang='lat' dir='ltr'><strong>miseros</strong></span> <span class='ocrx_word' id='word_1_69' title='bbox 1073 1327 1105 1365; x_wconf 93' lang='lat' dir='ltr'><strong>a</strong></span> <span class='ocrx_word' id='word_1_70' title='bbox 1131 1310 1287 1366; x_wconf 90' lang='lat' dir='ltr'><strong>clade</strong></span> <span class='ocrx_word' id='word_1_71' title='bbox 1313 1310 1499 1366; x_wconf 88' lang='lat' dir='ltr'><strong>levare</strong></span> 
     </span>
    </p>
   </div>
   <div class='ocr_carea' id='block_1_13' title="bbox 238 1398 1621 1475">
    <p class='ocr_par' dir='ltr' id='par_1_13' title="bbox 238 1398 1621 1475">
     <span class='ocr_line' id='line_1_13' title="bbox 238 1398 1621 1475; baseline -0.004 -16"><span class='ocrx_word' id='word_1_72' title='bbox 238 1405 374 1459; x_wconf 90' lang='lat' dir='ltr'><strong>Arte</strong></span> <span class='ocrx_word' id='word_1_73' title='bbox 400 1409 563 1475; x_wconf 86' lang='lat' dir='ltr'><strong>queat</strong></span> <span class='ocrx_word' id='word_1_74' title='bbox 589 1420 601 1458; x_wconf 90' lang='lat'><strong>:</strong></span> <span class='ocrx_word' id='word_1_75' title='bbox 652 1401 972 1473; x_wconf 78' lang='lat' dir='ltr'><strong>magnisque</strong></span> <span class='ocrx_word' id='word_1_76' title='bbox 1000 1408 1164 1472; x_wconf 88' lang='lat' dir='ltr'><strong>caput</strong></span> <span class='ocrx_word' id='word_1_77' title='bbox 1200 1398 1495 1454; x_wconf 90' lang='lat' dir='ltr'><strong>sudoribus</strong></span> <span class='ocrx_word' id='word_1_78' title='bbox 1524 1398 1621 1454; x_wconf 93' lang='lat' dir='ltr'><strong>ille</strong></span> 
     </span>
    </p>
   </div>
   <div class='ocr_carea' id='block_1_14' title="bbox 238 1488 1764 1563">
    <p class='ocr_par' dir='ltr' id='par_1_14' title="bbox 238 1488 1764 1563">
     <span class='ocr_line' id='line_1_14' title="bbox 238 1488 1764 1563; baseline -0.003 -13"><span class='ocrx_word' id='word_1_79' title='bbox 238 1492 502 1560; x_wconf 82' lang='lat' dir='ltr'><strong>Voverat,</strong></span> <span class='ocrx_word' id='word_1_80' title='bbox 525 1491 880 1563; x_wconf 90' lang='lat' dir='ltr'><strong>omnigenum</strong></span> <span class='ocrx_word' id='word_1_81' title='bbox 912 1489 1125 1562; x_wconf 90' lang='lat' dir='ltr'><strong>patiens</strong></span> <span class='ocrx_word' id='word_1_82' title='bbox 1156 1488 1274 1543; x_wconf 89' lang='lat' dir='ltr'><strong>sine</strong></span> <span class='ocrx_word' id='word_1_83' title='bbox 1309 1504 1460 1543; x_wconf 89' lang='lat' dir='ltr'><strong>more</strong></span> <span class='ocrx_word' id='word_1_84' title='bbox 1487 1488 1764 1545; x_wconf 91' lang='lat' dir='ltr'><strong>laborum.</strong></span> 
     </span>
    </p>
   </div>
   <div class='ocr_carea' id='block_1_15' title="bbox 240 1577 1604 1654">
    <p class='ocr_par' dir='ltr' id='par_1_15' title="bbox 240 1577 1604 1654">
     <span class='ocr_line' id='line_1_15' title="bbox 240 1577 1604 1654; baseline -0.004 -15"><span class='ocrx_word' id='word_1_85' title='bbox 240 1582 409 1654; x_wconf 84' lang='lat' dir='ltr'><strong>Urget</strong></span> <span class='ocrx_word' id='word_1_86' title='bbox 437 1598 568 1638; x_wconf 88' lang='lat' dir='ltr'><strong>cura</strong></span> <span class='ocrx_word' id='word_1_87' title='bbox 597 1582 778 1637; x_wconf 92' lang='lat' dir='ltr'><strong>virum</strong></span> <span class='ocrx_word' id='word_1_88' title='bbox 803 1599 816 1648; x_wconf 94' lang='lat'><strong>;</strong></span> <span class='ocrx_word' id='word_1_89' title='bbox 848 1596 950 1637; x_wconf 88' lang='lat' dir='ltr'><strong>nec</strong></span> <span class='ocrx_word' id='word_1_90' title='bbox 973 1578 1087 1651; x_wconf 91' lang='lat' dir='ltr'><strong>jam</strong></span> <span class='ocrx_word' id='word_1_91' title='bbox 1116 1577 1374 1649; x_wconf 72' lang='lat' dir='ltr'><strong>suffragia</strong></span> <span class='ocrx_word' id='word_1_92' title='bbox 1400 1577 1604 1634; x_wconf 76' lang='lat' dir='ltr'><strong>diti‘ert.</strong></span> 
     </span>
    </p>
   </div>
   <div class='ocr_carea' id='block_1_16' title="bbox 240 1670 1690 1746">
    <p class='ocr_par' dir='ltr' id='par_1_16' title="bbox 240 1670 1690 1746">
     <span class='ocr_line' id='line_1_16' title="bbox 240 1670 1690 1746; baseline -0.002 -16"><span class='ocrx_word' id='word_1_93' title='bbox 240 1675 441 1730; x_wconf 86' lang='lat' dir='ltr'><strong>Fessus</strong></span> <span class='ocrx_word' id='word_1_94' title='bbox 469 1674 647 1730; x_wconf 88' lang='lat' dir='ltr'><strong>adhuc</strong></span> <span class='ocrx_word' id='word_1_95' title='bbox 677 1673 873 1746; x_wconf 84' lang='lat' dir='ltr'><strong>pelagi,</strong></span> <span class='ocrx_word' id='word_1_96' title='bbox 908 1689 1128 1728; x_wconf 90' lang='lat' dir='ltr'><strong>rursum</strong></span> <span class='ocrx_word' id='word_1_97' title='bbox 1161 1670 1448 1729; x_wconf 88' lang='lat' dir='ltr'><strong>terrestria</strong></span> <span class='ocrx_word' id='word_1_98' title='bbox 1471 1678 1650 1727; x_wconf 91' lang='lat' dir='ltr'><strong>tentat</strong></span> <span class='ocrx_word' id='word_1_99' title='bbox 1677 1690 1690 1738; x_wconf 87' lang='lat'><strong>;</strong></span> 
     </span>
    </p>
   </div>
   <div class='ocr_carea' id='block_1_17' title="bbox 240 1762 1731 1836">
    <p class='ocr_par' dir='ltr' id='par_1_17' title="bbox 240 1762 1731 1836">
     <span class='ocr_line' id='line_1_17' title="bbox 240 1762 1731 1836; baseline -0.001 -17"><span class='ocrx_word' id='word_1_100' title='bbox 240 1762 663 1836; x_wconf 89' lang='lat' dir='ltr'><strong>Ingrediturque</strong></span> <span class='ocrx_word' id='word_1_101' title='bbox 693 1765 862 1831; x_wconf 93' lang='lat' dir='ltr'><strong>viam,</strong></span> <span class='ocrx_word' id='word_1_102' title='bbox 897 1764 1121 1836; x_wconf 91' lang='lat' dir='ltr'><strong>longum</strong></span> <span class='ocrx_word' id='word_1_103' title='bbox 1153 1777 1260 1835; x_wconf 89' lang='lat' dir='ltr'><strong>qua</strong></span> <span class='ocrx_word' id='word_1_104' title='bbox 1294 1762 1472 1819; x_wconf 90' lang='lat' dir='ltr'><strong>Gallia</strong></span> <span class='ocrx_word' id='word_1_105' title='bbox 1499 1777 1731 1833; x_wconf 79' lang='lat' dir='ltr'><strong>vergens</strong></span> 
     </span>
    </p>
   </div>
   <div class='ocr_carea' id='block_1_18' title="bbox 241 1852 1835 1927">
    <p class='ocr_par' dir='ltr' id='par_1_18' title="bbox 241 1852 1835 1927">
     <span class='ocr_line' id='line_1_18' title="bbox 241 1852 1835 1927; baseline -0.001 -18"><span class='ocrx_word' id='word_1_106' title='bbox 241 1853 446 1910; x_wconf 89' lang='lat' dir='ltr'><strong>Pandit</strong></span> <span class='ocrx_word' id='word_1_107' title='bbox 478 1854 618 1920; x_wconf 89' lang='lat' dir='ltr'><strong>iter;</strong></span> <span class='ocrx_word' id='word_1_108' title='bbox 653 1861 952 1927; x_wconf 86' lang='lat' dir='ltr'><strong>sanctoque</strong></span> <span class='ocrx_word' id='word_1_109' title='bbox 982 1854 1164 1927; x_wconf 86' lang='lat' dir='ltr'><strong>ferens</strong></span> <span class='ocrx_word' id='word_1_110' title='bbox 1195 1852 1253 1908; x_wconf 89' lang='lat' dir='ltr'><strong>in</strong></span> <span class='ocrx_word' id='word_1_111' title='bbox 1282 1860 1500 1925; x_wconf 88' lang='lat' dir='ltr'><strong>pectore</strong></span> <span class='ocrx_word' id='word_1_112' title='bbox 1531 1852 1835 1921; x_wconf 88' lang='lat' dir='ltr'><strong>Christum,</strong></span> 
     </span>
    </p>
   </div>
   <div class='ocr_carea' id='block_1_19' title="bbox 239 1924 1775 2017">
    <p class='ocr_par' dir='ltr' id='par_1_19' title="bbox 239 1924 1775 2017">
     <span class='ocr_line' id='line_1_19' title="bbox 239 1924 1775 2017; baseline -0.001 -18"><span class='ocrx_word' id='word_1_113' title='bbox 239 1944 612 2017; x_wconf 88' lang='lat' dir='ltr'><strong>Progreditur,</strong></span> <span class='ocrx_word' id='word_1_114' title='bbox 642 1924 1186 2002; x_wconf 42' lang='lat' dir='ltr'><strong>modico—contentus</strong></span> <span class='ocrx_word' id='word_1_115' title='bbox 1214 1924 1297 2001; x_wconf 14' lang='lat' dir='ltr'><strong>ad,</strong></span> <span class='ocrx_word' id='word_1_116' title='bbox 1315 1943 1502 1999; x_wconf 90' lang='lat' dir='ltr'><strong>omnia</strong></span> <span class='ocrx_word' id='word_1_117' title='bbox 1531 1951 1775 2015; x_wconf 88' lang='lat' dir='ltr'><strong>sumptu.</strong></span> 
     </span>
    </p>
   </div>
   <div class='ocr_carea' id='block_1_20' title="bbox 318 2033 1836 2108">
    <p class='ocr_par' dir='ltr' id='par_1_20' title="bbox 318 2033 1836 2108">
     <span class='ocr_line' id='line_1_20' title="bbox 318 2033 1836 2108; baseline -0.001 -17"><span class='ocrx_word' id='word_1_118' title='bbox 318 2034 437 2091; x_wconf 85' lang='grc'><strong>103.</strong></span> <span class='ocrx_word' id='word_1_119' title='bbox 479 2035 747 2108; x_wconf 89' lang='lat' dir='ltr'><strong>Carpebat</strong></span> <span class='ocrx_word' id='word_1_120' title='bbox 773 2051 958 2108; x_wconf 85' lang='lat' dir='ltr'><strong>gressu</strong></span> <span class='ocrx_word' id='word_1_121' title='bbox 989 2036 1189 2107; x_wconf 72' lang='lat' dir='ltr'><strong>praesul</strong></span> <span class='ocrx_word' id='word_1_122' title='bbox 1230 2051 1325 2106; x_wconf 89' lang='lat' dir='ltr'><strong>per</strong></span> <span class='ocrx_word' id='word_1_123' title='bbox 1352 2041 1541 2105; x_wconf 89' lang='lat' dir='ltr'><strong>aperta</strong></span> <span class='ocrx_word' id='word_1_124' title='bbox 1586 2033 1836 2089; x_wconf 90' lang='lat' dir='ltr'><strong>modesto</strong></span> 
     </span>
    </p>
   </div>
   <div class='ocr_carea' id='block_1_21' title="bbox 238 2122 1707 2196">
    <p class='ocr_par' dir='ltr' id='par_1_21' title="bbox 238 2122 1707 2196">
     <span class='ocr_line' id='line_1_21' title="bbox 238 2122 1707 2196; baseline -0.003 -13"><span class='ocrx_word' id='word_1_125' title='bbox 238 2127 390 2183; x_wconf 81' lang='lat' dir='ltr'><strong>Bura</strong></span> <span class='ocrx_word' id='word_1_126' title='bbox 422 2124 588 2192; x_wconf 89' lang='lat' dir='ltr'><strong>viam,</strong></span> <span class='ocrx_word' id='word_1_127' title='bbox 619 2141 921 2196; x_wconf 89' lang='lat' dir='ltr'><strong>vesperque</strong></span> <span class='ocrx_word' id='word_1_128' title='bbox 952 2125 1100 2179; x_wconf 91' lang='lat' dir='ltr'><strong>diem</strong></span> <span class='ocrx_word' id='word_1_129' title='bbox 1133 2123 1402 2178; x_wconf 89' lang='lat' dir='ltr'><strong>condebat</strong></span> <span class='ocrx_word' id='word_1_130' title='bbox 1430 2123 1489 2177; x_wconf 91' lang='lat' dir='ltr'><strong>in</strong></span> <span class='ocrx_word' id='word_1_131' title='bbox 1518 2122 1707 2190; x_wconf 90' lang='lat' dir='ltr'><strong>undis,</strong></span> 
     </span>
    </p>
   </div>
   <div class='ocr_carea' id='block_1_22' title="bbox 239 2210 1576 2283">
    <p class='ocr_par' dir='ltr' id='par_1_22' title="bbox 239 2210 1576 2283">
     <span class='ocr_line' id='line_1_22' title="bbox 239 2210 1576 2283; baseline -0.003 -12"><span class='ocrx_word' id='word_1_132' title='bbox 239 2214 515 2271; x_wconf 88' lang='lat' dir='ltr'><strong>Obruerat</strong></span> <span class='ocrx_word' id='word_1_133' title='bbox 543 2220 723 2268; x_wconf 90' lang='lat' dir='ltr'><strong>totum</strong></span> <span class='ocrx_word' id='word_1_134' title='bbox 752 2212 944 2283; x_wconf 90' lang='lat' dir='ltr'><strong>pluvio</strong></span> <span class='ocrx_word' id='word_1_135' title='bbox 974 2212 1070 2283; x_wconf 90' lang='lat' dir='ltr'><strong>qui</strong></span> <span class='ocrx_word' id='word_1_136' title='bbox 1098 2210 1302 2280; x_wconf 81' lang='lat' dir='ltr'><strong>frigore</strong></span> <span class='ocrx_word' id='word_1_137' title='bbox 1336 2212 1539 2267; x_wconf 76' lang='lat' dir='ltr'><strong>coelum</strong></span> <span class='ocrx_word' id='word_1_138' title='bbox 1565 2230 1576 2267; x_wconf 88' lang='lat'><strong>:</strong></span> 
     </span>
    </p>
   </div>
   <div class='ocr_carea' id='block_1_23' title="bbox 235 2298 1568 2369">
    <p class='ocr_par' dir='ltr' id='par_1_23' title="bbox 235 2298 1568 2369">
     <span class='ocr_line' id='line_1_23' title="bbox 235 2298 1568 2369; baseline -0.005 -7"><span class='ocrx_word' id='word_1_139' title='bbox 235 2304 539 2362; x_wconf 88' lang='lat' dir='ltr'><strong>Confectus</strong></span> <span class='ocrx_word' id='word_1_140' title='bbox 571 2302 768 2369; x_wconf 89' lang='lat' dir='ltr'><strong>macie,</strong></span> <span class='ocrx_word' id='word_1_141' title='bbox 799 2301 1085 2358; x_wconf 84' lang='lat' dir='ltr'><strong>confectus</strong></span> <span class='ocrx_word' id='word_1_142' title='bbox 1115 2298 1390 2367; x_wconf 87' lang='lat' dir='ltr'><strong>sordibus,</strong></span> <span class='ocrx_word' id='word_1_143' title='bbox 1422 2315 1568 2368; x_wconf 82' lang='lat' dir='ltr'><strong>ecce,</strong></span> 
     </span>
    </p>
   </div>
   <div class='ocr_carea' id='block_1_24' title="bbox 235 2391 1611 2465">
    <p class='ocr_par' dir='ltr' id='par_1_24' title="bbox 235 2391 1611 2465">
     <span class='ocr_line' id='line_1_24' title="bbox 235 2391 1611 2465; baseline -0.004 -14"><span class='ocrx_word' id='word_1_144' title='bbox 235 2395 413 2451; x_wconf 82' lang='lat' dir='ltr'><strong>Addit</strong></span> <span class='ocrx_word' id='word_1_145' title='bbox 444 2411 501 2450; x_wconf 92' lang='lat' dir='ltr'><strong>se</strong></span> <span class='ocrx_word' id='word_1_146' title='bbox 531 2394 789 2450; x_wconf 89' lang='lat' dir='ltr'><strong>comitem</strong></span> <span class='ocrx_word' id='word_1_147' title='bbox 823 2408 1080 2465; x_wconf 89' lang='lat' dir='ltr'><strong>perverso</strong></span> <span class='ocrx_word' id='word_1_148' title='bbox 1113 2400 1330 2464; x_wconf 88' lang='lat' dir='ltr'><strong>pectore</strong></span> <span class='ocrx_word' id='word_1_149' title='bbox 1362 2391 1611 2465; x_wconf 90' lang='lat' dir='ltr'><strong>quidam,</strong></span> 
     </span>
    </p>
   </div>
   <div class='ocr_carea' id='block_1_25' title="bbox 233 2481 1837 2555">
    <p class='ocr_par' dir='ltr' id='par_1_25' title="bbox 233 2481 1837 2555">
     <span class='ocr_line' id='line_1_25' title="bbox 233 2481 1837 2555; baseline -0.001 -15"><span class='ocrx_word' id='word_1_150' title='bbox 233 2483 431 2540; x_wconf 82' lang='lat' dir='ltr'><strong>Nudus</strong></span> <span class='ocrx_word' id='word_1_151' title='bbox 467 2483 535 2540; x_wconf 89' lang='lat' dir='ltr'><strong>ad</strong></span> <span class='ocrx_word' id='word_1_152' title='bbox 564 2499 737 2555; x_wconf 87' lang='lat' dir='ltr'><strong>usque</strong></span> <span class='ocrx_word' id='word_1_153' title='bbox 768 2483 949 2554; x_wconf 88' lang='lat' dir='ltr'><strong>pedes.</strong></span> <span class='ocrx_word' id='word_1_154' title='bbox 1006 2482 1226 2553; x_wconf 91' lang='lat' dir='ltr'><strong>Pepulit</strong></span> <span class='ocrx_word' id='word_1_155' title='bbox 1264 2481 1544 2537; x_wconf 86' lang='lat' dir='ltr'><strong>miseratio</strong></span> <span class='ocrx_word' id='word_1_156' title='bbox 1586 2489 1837 2539; x_wconf 90' lang='lat' dir='ltr'><strong>cunctos.</strong></span> 
     </span>
    </p>
   </div>
   <div class='ocr_carea' id='block_1_26' title="bbox 234 2571 1599 2645">
    <p class='ocr_par' dir='ltr' id='par_1_26' title="bbox 234 2571 1599 2645">
     <span class='ocr_line' id='line_1_26' title="bbox 234 2571 1599 2645; baseline -0.001 -17"><span class='ocrx_word' id='word_1_157' title='bbox 234 2573 501 2645; x_wconf 76' lang='lat' dir='ltr'><strong>Iungitur</strong></span> <span class='ocrx_word' id='word_1_158' title='bbox 530 2571 774 2643; x_wconf 90' lang='lat' dir='ltr'><strong>hospitio</strong></span> <span class='ocrx_word' id='word_1_159' title='bbox 801 2579 1103 2643; x_wconf 75' lang='lat' dir='ltr'><strong>praetextus</strong></span> <span class='ocrx_word' id='word_1_160' title='bbox 1130 2587 1364 2644; x_wconf 89' lang='lat' dir='ltr'><strong>paupere</strong></span> <span class='ocrx_word' id='word_1_161' title='bbox 1394 2571 1599 2643; x_wconf 66' lang='lat' dir='ltr'><strong>praedo,</strong></span> 
     </span>
    </p>
   </div>
   <div class='ocr_carea' id='block_1_27' title="bbox 236 2659 1835 2734">
    <p class='ocr_par' dir='ltr' id='par_1_27' title="bbox 236 2659 1835 2734">
     <span class='ocr_line' id='line_1_27' title="bbox 236 2659 1835 2734; baseline -0.001 -17"><span class='ocrx_word' id='word_1_162' title='bbox 236 2662 498 2734; x_wconf 83' lang='lat' dir='ltr'><strong>Interque</strong></span> <span class='ocrx_word' id='word_1_163' title='bbox 528 2661 796 2717; x_wconf 89' lang='lat' dir='ltr'><strong>innocuos</strong></span> <span class='ocrx_word' id='word_1_164' title='bbox 825 2661 1073 2717; x_wconf 90' lang='lat' dir='ltr'><strong>cubitum</strong></span> <span class='ocrx_word' id='word_1_165' title='bbox 1108 2660 1200 2716; x_wconf 91' lang='lat' dir='ltr'><strong>dat</strong></span> <span class='ocrx_word' id='word_1_166' title='bbox 1229 2659 1472 2715; x_wconf 89' lang='lat' dir='ltr'><strong>membra</strong></span> <span class='ocrx_word' id='word_1_167' title='bbox 1505 2660 1789 2716; x_wconf 89' lang='lat' dir='ltr'><strong>ministros</strong></span> <span class='ocrx_word' id='word_1_168' title='bbox 1823 2677 1835 2715; x_wconf 90' lang='lat'><strong>:</strong></span> 
     </span>
    </p>
   </div>
   <div class='ocr_carea' id='block_1_28' title="bbox 237 2747 1705 2823">
    <p class='ocr_par' dir='ltr' id='par_1_28' title="bbox 237 2747 1705 2823">
     <span class='ocr_line' id='line_1_28' title="bbox 237 2747 1705 2823; baseline -0.001 -17"><span class='ocrx_word' id='word_1_169' title='bbox 237 2752 353 2806; x_wconf 90' lang='lat' dir='ltr'><strong>Hos</strong></span> <span class='ocrx_word' id='word_1_170' title='bbox 377 2767 561 2823; x_wconf 91' lang='lat' dir='ltr'><strong>sopor,</strong></span> <span class='ocrx_word' id='word_1_171' title='bbox 596 2750 743 2807; x_wconf 86' lang='lat' dir='ltr'><strong>hunc</strong></span> <span class='ocrx_word' id='word_1_172' title='bbox 778 2758 934 2822; x_wconf 80' lang='lat' dir='ltr'><strong>urget</strong></span> <span class='ocrx_word' id='word_1_173' title='bbox 964 2766 1123 2806; x_wconf 71' lang='lat' dir='ltr'><strong>saevae</strong></span> <span class='ocrx_word' id='word_1_174' title='bbox 1155 2748 1441 2805; x_wconf 85' lang='lat' dir='ltr'><strong>meditatio</strong></span> <span class='ocrx_word' id='word_1_175' title='bbox 1475 2747 1705 2804; x_wconf 87' lang='lat' dir='ltr'><strong>fraudis.</strong></span> 
     </span>
    </p>
   </div>
   <div class='ocr_carea' id='block_1_29' title="bbox 241 2839 1619 2911">
    <p class='ocr_par' dir='ltr' id='par_1_29' title="bbox 241 2839 1619 2911">
     <span class='ocr_line' id='line_1_29' title="bbox 241 2839 1619 2911; baseline -0.001 -16"><span class='ocrx_word' id='word_1_176' title='bbox 241 2839 555 2896; x_wconf 84' lang='lat' dir='ltr'><strong>Proﬁcunm</strong></span> <span class='ocrx_word' id='word_1_177' title='bbox 588 2839 780 2895; x_wconf 89' lang='lat' dir='ltr'><strong>sceleri</strong></span> <span class='ocrx_word' id='word_1_178' title='bbox 811 2856 1019 2911; x_wconf 87' lang='lat' dir='ltr'><strong>gnarus</strong></span> <span class='ocrx_word' id='word_1_179' title='bbox 1046 2839 1351 2895; x_wconf 89' lang='lat' dir='ltr'><strong>conducere</strong></span> <span class='ocrx_word' id='word_1_180' title='bbox 1386 2848 1619 2911; x_wconf 87' lang='lat' dir='ltr'><strong>tempus,</strong></span> 
     </span>
    </p>
   </div>
   <div class='ocr_carea' id='block_1_30' title="bbox 237 2929 1572 3001">
    <p class='ocr_par' dir='ltr' id='par_1_30' title="bbox 237 2929 1572 3001">
     <span class='ocr_line' id='line_1_30' title="bbox 237 2929 1572 3001; baseline -0.001 -16"><span class='ocrx_word' id='word_1_181' title='bbox 237 2929 445 3001; x_wconf 82' lang='lat' dir='ltr'><strong>Surgit,</strong></span> <span class='ocrx_word' id='word_1_182' title='bbox 482 2936 535 2983; x_wconf 91' lang='lat' dir='ltr'><strong>et</strong></span> <span class='ocrx_word' id='word_1_183' title='bbox 563 2929 843 2986; x_wconf 88' lang='lat' dir='ltr'><strong>addictum</strong></span> <span class='ocrx_word' id='word_1_184' title='bbox 872 2930 1047 2986; x_wconf 89' lang='lat' dir='ltr'><strong>sancti</strong></span> <span class='ocrx_word' id='word_1_185' title='bbox 1084 2929 1320 2985; x_wconf 90' lang='lat' dir='ltr'><strong>senioris</strong></span> <span class='ocrx_word' id='word_1_186' title='bbox 1349 2929 1407 2983; x_wconf 90' lang='lat' dir='ltr'><strong>in</strong></span> <span class='ocrx_word' id='word_1_187' title='bbox 1441 2944 1572 2983; x_wconf 89' lang='lat' dir='ltr'><strong>usus</strong></span> 
     </span>
    </p>
   </div>
   <div class='ocr_carea' id='block_1_31' title="bbox 238 3016 1835 3089">
    <p class='ocr_par' dir='ltr' id='par_1_31' title="bbox 238 3016 1835 3089">
     <span class='ocr_line' id='line_1_31' title="bbox 238 3016 1835 3089; baseline -0.002 -14"><span class='ocrx_word' id='word_1_188' title='bbox 238 3017 484 3076; x_wconf 81' lang='lat' dir='ltr'><strong>Abducit</strong></span> <span class='ocrx_word' id='word_1_189' title='bbox 525 3018 756 3075; x_wconf 89' lang='lat' dir='ltr'><strong>stabulis</strong></span> <span class='ocrx_word' id='word_1_190' title='bbox 781 3017 995 3074; x_wconf 89' lang='lat' dir='ltr'><strong>incesta</strong></span> <span class='ocrx_word' id='word_1_191' title='bbox 1023 3017 1214 3073; x_wconf 88' lang='lat' dir='ltr'><strong>fraude</strong></span> <span class='ocrx_word' id='word_1_192' title='bbox 1238 3016 1556 3088; x_wconf 89' lang='lat' dir='ltr'><strong>jumentum</strong></span> <span class='ocrx_word' id='word_1_193' title='bbox 1602 3018 1717 3089; x_wconf 90' lang='lat' dir='ltr'><strong>(B.,</strong></span> <span class='ocrx_word' id='word_1_194' title='bbox 1750 3032 1835 3072; x_wconf 89' lang='lat' dir='ltr'><strong>ca-</strong></span> 
     </span>
    </p>
   </div>
   <div class='ocr_carea' id='block_1_32' title="bbox 559 3106 1759 3180">
    <p class='ocr_par' dir='ltr' id='par_1_32' title="bbox 559 3106 1759 3180">
     <span class='ocr_line' id='line_1_32' title="bbox 559 3106 1759 3180; baseline 0.001 -18"><span class='ocrx_word' id='word_1_195' title='bbox 559 3149 579 3162; x_wconf 94' lang='lat'><strong>.</strong></span> <span class='ocrx_word' id='word_1_196' title='bbox 870 3156 879 3159; x_wconf 95' lang='lat'><strong>-</strong></span> <span class='ocrx_word' id='word_1_197' title='bbox 1477 3106 1759 3180; x_wconf 84' lang='lat' dir='ltr'><strong>[ballum).</strong></span> 
     </span>
    </p>
   </div>
   <div class='ocr_carea' id='block_1_33' title="bbox 237 3196 1487 3272">
    <p class='ocr_par' dir='ltr' id='par_1_33' title="bbox 237 3196 1487 3272">
     <span class='ocr_line' id='line_1_33' title="bbox 237 3196 1487 3272; baseline -0.002 -18"><span class='ocrx_word' id='word_1_198' title='bbox 237 3197 507 3256; x_wconf 81' lang='lat' dir='ltr'><strong>Redditus</strong></span> <span class='ocrx_word' id='word_1_199' title='bbox 532 3205 702 3272; x_wconf 90' lang='lat' dir='ltr'><strong>utque</strong></span> <span class='ocrx_word' id='word_1_200' title='bbox 731 3196 867 3265; x_wconf 89' lang='lat' dir='ltr'><strong>dies,</strong></span> <span class='ocrx_word' id='word_1_201' title='bbox 899 3198 1015 3253; x_wconf 91' lang='lat' dir='ltr'><strong>noti</strong></span> <span class='ocrx_word' id='word_1_202' title='bbox 1044 3196 1259 3269; x_wconf 88' lang='lat' dir='ltr'><strong>jactura</strong></span> <span class='ocrx_word' id='word_1_203' title='bbox 1281 3196 1487 3253; x_wconf 91' lang='lat' dir='ltr'><strong>vehicli</strong></span> 
     </span>
    </p>
   </div>
   <div class='ocr_carea' id='block_1_34' title="bbox 237 3287 1617 3358">
    <p class='ocr_par' dir='ltr' id='par_1_34' title="bbox 237 3287 1617 3358">
     <span class='ocr_line' id='line_1_34' title="bbox 237 3287 1617 3358; baseline -0.003 -12"><span class='ocrx_word' id='word_1_204' title='bbox 237 3289 536 3353; x_wconf 86' lang='lat' dir='ltr'><strong>Noscitur;</strong></span> <span class='ocrx_word' id='word_1_205' title='bbox 570 3297 624 3344; x_wconf 88' lang='lat' dir='ltr'><strong>at</strong></span> <span class='ocrx_word' id='word_1_206' title='bbox 655 3288 784 3343; x_wconf 84' lang='lat' dir='ltr'><strong>furti</strong></span> <span class='ocrx_word' id='word_1_207' title='bbox 812 3288 924 3358; x_wconf 89' lang='lat' dir='ltr'><strong>jam</strong></span> <span class='ocrx_word' id='word_1_208' title='bbox 957 3305 1013 3343; x_wconf 91' lang='lat' dir='ltr'><strong>se</strong></span> <span class='ocrx_word' id='word_1_209' title='bbox 1041 3287 1378 3343; x_wconf 85' lang='lat' dir='ltr'><strong>subduxerat</strong></span> <span class='ocrx_word' id='word_1_210' title='bbox 1404 3294 1617 3344; x_wconf 87' lang='lat' dir='ltr'><strong>auctor.</strong></span> 
     </span>
    </p>
   </div>
   <div class='ocr_carea' id='block_1_35' title="bbox 234 3377 1447 3449">
    <p class='ocr_par' dir='ltr' id='par_1_35' title="bbox 234 3377 1447 3449">
     <span class='ocr_line' id='line_1_35' title="bbox 234 3377 1447 3449; baseline -0.007 -13"><span class='ocrx_word' id='word_1_211' title='bbox 234 3378 386 3436; x_wconf 77' lang='lat' dir='ltr'><strong>Neve</strong></span> <span class='ocrx_word' id='word_1_212' title='bbox 413 3377 681 3434; x_wconf 86' lang='lat' dir='ltr'><strong>sacerdoti</strong></span> <span class='ocrx_word' id='word_1_213' title='bbox 710 3394 943 3449; x_wconf 73' lang='lat' dir='ltr'><strong>praesens</strong></span> <span class='ocrx_word' id='word_1_214' title='bbox 972 3386 1183 3433; x_wconf 84' lang='lat' dir='ltr'><strong>evectio</strong></span> <span class='ocrx_word' id='word_1_215' title='bbox 1212 3377 1447 3441; x_wconf 88' lang='lat' dir='ltr'><strong>deesset,</strong></span> 
     </span>
    </p>
   </div>
   <div class='ocr_carea' id='block_1_36' title="bbox 236 3469 1631 3542">
    <p class='ocr_par' dir='ltr' id='par_1_36' title="bbox 236 3469 1631 3542">
     <span class='ocr_line' id='line_1_36' title="bbox 236 3469 1631 3542; baseline -0.007 -14"><span class='ocrx_word' id='word_1_216' title='bbox 236 3470 482 3529; x_wconf 87' lang='lat' dir='ltr'><strong>Clericus</strong></span> <span class='ocrx_word' id='word_1_217' title='bbox 509 3471 833 3542; x_wconf 78' lang='lat' dir='ltr'><strong>obsequium</strong></span> <span class='ocrx_word' id='word_1_218' title='bbox 865 3477 1055 3523; x_wconf 89' lang='lat' dir='ltr'><strong>sancto</strong></span> <span class='ocrx_word' id='word_1_219' title='bbox 1085 3469 1393 3537; x_wconf 85' lang='lat' dir='ltr'><strong>dependere</strong></span> <span class='ocrx_word' id='word_1_220' title='bbox 1423 3470 1631 3531; x_wconf 89' lang='lat' dir='ltr'><strong>suetus,</strong></span> 
     </span>
    </p>
   </div>
   <div class='ocr_carea' id='block_1_37' title="bbox 233 3551 1593 3632">
    <p class='ocr_par' dir='ltr' id='par_1_37' title="bbox 233 3551 1593 3632">
     <span class='ocr_line' id='line_1_37' title="bbox 233 3551 1593 3632; baseline -0.007 -15"><span class='ocrx_word' id='word_1_221' title='bbox 233 3562 301 3617; x_wconf 93' lang='lat' dir='ltr'><strong>In</strong></span> <span class='ocrx_word' id='word_1_222' title='bbox 337 3561 575 3632; x_wconf 88' lang='lat' dir='ltr'><strong>peditem</strong></span> <span class='ocrx_word' id='word_1_223' title='bbox 613 3565 856 3612; x_wconf 87' lang='lat' dir='ltr'><strong>mutatur</strong></span> <span class='ocrx_word' id='word_1_224' title='bbox 885 3571 1051 3626; x_wconf 87' lang='lat' dir='ltr'><strong>eques</strong></span> <span class='ocrx_word' id='word_1_225' title='bbox 1078 3572 1089 3607; x_wconf 90' lang='lat'><strong>:</strong></span> <span class='ocrx_word' id='word_1_226' title='bbox 1125 3554 1204 3608; x_wconf 89' lang='lat' dir='ltr'><strong>sic</strong></span> <span class='ocrx_word' id='word_1_227' title='bbox 1233 3552 1408 3622; x_wconf 78' lang='lat' dir='ltr'><strong>exigit</strong></span> <span class='ocrx_word' id='word_1_228' title='bbox 1437 3551 1593 3607; x_wconf 89' lang='lat' dir='ltr'><strong>ordo.</strong></span> 
     </span>
    </p>
   </div>
   <div class='ocr_carea' id='block_1_38' title="bbox 229 3640 1697 3722">
    <p class='ocr_par' dir='ltr' id='par_1_38' title="bbox 229 3640 1697 3722">
     <span class='ocr_line' id='line_1_38' title="bbox 229 3640 1697 3722; baseline -0.005 -16"><span class='ocrx_word' id='word_1_229' title='bbox 229 3650 494 3722; x_wconf 89' lang='lat' dir='ltr'><strong>Dumque</strong></span> <span class='ocrx_word' id='word_1_230' title='bbox 524 3647 630 3700; x_wconf 90' lang='lat' dir='ltr'><strong>iter</strong></span> <span class='ocrx_word' id='word_1_231' title='bbox 656 3643 982 3707; x_wconf 84' lang='lat' dir='ltr'><strong>accelerant,</strong></span> <span class='ocrx_word' id='word_1_232' title='bbox 1017 3640 1228 3714; x_wconf 89' lang='lat' dir='ltr'><strong>liquido</strong></span> <span class='ocrx_word' id='word_1_233' title='bbox 1262 3641 1479 3707; x_wconf 83' lang='lat' dir='ltr'><strong>perfusa</strong></span> <span class='ocrx_word' id='word_1_234' title='bbox 1505 3657 1697 3698; x_wconf 89' lang='lat' dir='ltr'><strong>sereno</strong></span> 
     </span>
    </p>
   </div>
   <div class='ocr_carea' id='block_1_39' title="bbox 232 3730 1590 3799">
    <p class='ocr_par' dir='ltr' id='par_1_39' title="bbox 232 3730 1590 3799">
     <span class='ocr_line' id='line_1_39' title="bbox 232 3730 1590 3799; baseline -0.005 -5"><span class='ocrx_word' id='word_1_235' title='bbox 232 3738 401 3795; x_wconf 89' lang='lat' dir='ltr'><strong>Clara</strong></span> <span class='ocrx_word' id='word_1_236' title='bbox 429 3733 539 3790; x_wconf 90' lang='lat' dir='ltr'><strong>viri</strong></span> <span class='ocrx_word' id='word_1_237' title='bbox 574 3732 740 3789; x_wconf 81' lang='lat' dir='ltr'><strong>facies</strong></span> <span class='ocrx_word' id='word_1_238' title='bbox 771 3730 953 3787; x_wconf 89' lang='lat' dir='ltr'><strong>sobrio</strong></span> <span class='ocrx_word' id='word_1_239' title='bbox 983 3731 1359 3787; x_wconf 84' lang='lat' dir='ltr'><strong>moderamine</strong></span> <span class='ocrx_word' id='word_1_240' title='bbox 1392 3730 1549 3787; x_wconf 87' lang='lat' dir='ltr'><strong>fulsit</strong></span> <span class='ocrx_word' id='word_1_241' title='bbox 1576 3750 1590 3799; x_wconf 90' lang='lat'><strong>;</strong></span> 
     </span>
    </p>
   </div>
   <div class='ocr_carea' id='block_1_40' title="bbox 235 3820 1565 3895">
    <p class='ocr_par' dir='ltr' id='par_1_40' title="bbox 235 3820 1565 3895">
     <span class='ocr_line' id='line_1_40' title="bbox 235 3820 1565 3895; baseline -0.005 -13"><span class='ocrx_word' id='word_1_242' title='bbox 235 3824 350 3882; x_wconf 88' lang='lat' dir='ltr'><strong>Sed</strong></span> <span class='ocrx_word' id='word_1_243' title='bbox 381 3832 576 3895; x_wconf 74' lang='lat' dir='ltr'><strong>praeter</strong></span> <span class='ocrx_word' id='word_1_244' title='bbox 612 3820 837 3876; x_wconf 89' lang='lat' dir='ltr'><strong>solitum</strong></span> <span class='ocrx_word' id='word_1_245' title='bbox 870 3820 1007 3875; x_wconf 65' lang='lat' dir='ltr'><strong>laeta:</strong></span> <span class='ocrx_word' id='word_1_246' title='bbox 1037 3820 1337 3892; x_wconf 87' lang='lat' dir='ltr'><strong>spiramina</strong></span> <span class='ocrx_word' id='word_1_247' title='bbox 1365 3821 1565 3876; x_wconf 84' lang='lat' dir='ltr'><strong>mentis</strong></span> 
     </span>
    </p>
   </div>
   <div class='ocr_carea' id='block_1_41' title="bbox 230 3909 1676 3983">
    <p class='ocr_par' dir='ltr' id='par_1_41' title="bbox 230 3909 1676 3983">
     <span class='ocr_line' id='line_1_41' title="bbox 230 3909 1676 3983; baseline -0.005 -10"><span class='ocrx_word' id='word_1_248' title='bbox 230 3918 443 3974; x_wconf 82' lang='lat' dir='ltr'><strong>Fronte</strong></span> <span class='ocrx_word' id='word_1_249' title='bbox 471 3910 692 3983; x_wconf 90' lang='lat' dir='ltr'><strong>premit.</strong></span> <span class='ocrx_word' id='word_1_250' title='bbox 740 3909 938 3964; x_wconf 86' lang='lat' dir='ltr'><strong>Videre</strong></span> <span class='ocrx_word' id='word_1_251' title='bbox 968 3909 1076 3976; x_wconf 90' lang='lat' dir='ltr'><strong>sui,</strong></span> <span class='ocrx_word' id='word_1_252' title='bbox 1106 3910 1430 3981; x_wconf 89' lang='lat' dir='ltr'><strong>cunctisque</strong></span> <span class='ocrx_word' id='word_1_253' title='bbox 1460 3910 1676 3966; x_wconf 92' lang='lat' dir='ltr'><strong>viritim</strong></span> 
     </span>
    </p>
   </div>
   <div class='ocr_carea' id='block_1_42' title="bbox 233 3998 1653 4071">
    <p class='ocr_par' dir='ltr' id='par_1_42' title="bbox 233 3998 1653 4071">
     <span class='ocr_line' id='line_1_42' title="bbox 233 3998 1653 4071; baseline -0.006 -11"><span class='ocrx_word' id='word_1_254' title='bbox 233 4001 529 4070; x_wconf 86' lang='lat' dir='ltr'><strong>Attonitis,</strong></span> <span class='ocrx_word' id='word_1_255' title='bbox 554 3999 737 4055; x_wconf 82' lang='lat' dir='ltr'><strong>audax</strong></span> <span class='ocrx_word' id='word_1_256' title='bbox 773 3999 1043 4071; x_wconf 90' lang='lat' dir='ltr'><strong>pauloque</strong></span> <span class='ocrx_word' id='word_1_257' title='bbox 1077 3998 1460 4069; x_wconf 84' lang='lat' dir='ltr'><strong>expromptior</strong></span> <span class='ocrx_word' id='word_1_258' title='bbox 1490 4014 1653 4065; x_wconf 91' lang='lat' dir='ltr'><strong>unus,</strong></span> 
     </span>
    </p>
   </div>
   <div class='ocr_carea' id='block_1_43' title="bbox 237 4090 1601 4164">
    <p class='ocr_par' dir='ltr' id='par_1_43' title="bbox 237 4090 1601 4164">
     <span class='ocr_line' id='line_1_43' title="bbox 237 4090 1601 4164; baseline -0.004 -12"><span class='ocrx_word' id='word_1_259' title='bbox 237 4096 499 4163; x_wconf 68' lang='lat' dir='ltr'><strong>Quaenam</strong></span> <span class='ocrx_word' id='word_1_260' title='bbox 534 4100 708 4161; x_wconf 88' lang='lat' dir='ltr'><strong>tanta,</strong></span> <span class='ocrx_word' id='word_1_261' title='bbox 740 4100 914 4164; x_wconf 80' lang='lat' dir='ltr'><strong>rogat,</strong></span> <span class='ocrx_word' id='word_1_262' title='bbox 948 4091 1057 4146; x_wconf 72' lang='lat' dir='ltr'><strong>laeti</strong></span> <span class='ocrx_word' id='word_1_263' title='bbox 1088 4090 1160 4146; x_wconf 90' lang='lat' dir='ltr'><strong>sit</strong></span> <span class='ocrx_word' id='word_1_264' title='bbox 1190 4092 1362 4162; x_wconf 88' lang='lat' dir='ltr'><strong>gratia</strong></span> <span class='ocrx_word' id='word_1_265' title='bbox 1392 4092 1601 4146; x_wconf 87' lang='lat' dir='ltr'><strong>vultus.</strong></span> 
     </span>
    </p>
   </div>
   <div class='ocr_carea' id='block_1_44' title="bbox 314 4179 1834 4249">
    <p class='ocr_par' dir='ltr' id='par_1_44' title="bbox 314 4179 1834 4249">
     <span class='ocr_line' id='line_1_44' title="bbox 314 4179 1834 4249; baseline -0.003 -9"><span class='ocrx_word' id='word_1_266' title='bbox 314 4184 434 4240; x_wconf 71' lang='grc'><strong>104.</strong></span> <span class='ocrx_word' id='word_1_267' title='bbox 459 4183 556 4239; x_wconf 90' lang='lat' dir='ltr'><strong>Ille</strong></span> <span class='ocrx_word' id='word_1_268' title='bbox 577 4182 679 4237; x_wconf 89' lang='lat' dir='ltr'><strong>sub</strong></span> <span class='ocrx_word' id='word_1_269' title='bbox 698 4183 833 4249; x_wconf 69' lang='lat' dir='ltr'><strong>haec,</strong></span> <span class='ocrx_word' id='word_1_270' title='bbox 857 4181 1155 4246; x_wconf 88' lang='lat' dir='ltr'><strong>Modicum,</strong></span> <span class='ocrx_word' id='word_1_271' title='bbox 1174 4179 1333 4248; x_wconf 91' lang='lat' dir='ltr'><strong>socii,</strong></span> <span class='ocrx_word' id='word_1_272' title='bbox 1346 4179 1650 4249; x_wconf 89' lang='lat' dir='ltr'><strong>subsistite,</strong></span> <span class='ocrx_word' id='word_1_273' title='bbox 1666 4179 1834 4245; x_wconf 80' lang='lat' dir='ltr'><strong>dixit,</strong></span> 
     </span>
    </p>
   </div>
   <div class='ocr_carea' id='block_1_45' title="bbox 237 4270 1408 4330">
    <p class='ocr_par' dir='ltr' id='par_1_45' title="bbox 237 4270 1408 4330">
     <span class='ocr_line' id='line_1_45' title="bbox 237 4270 1408 4330; baseline -0.003 -1"><span class='ocrx_word' id='word_1_274' title='bbox 237 4275 313 4330; x_wconf 91' lang='lat' dir='ltr'><strong>Et</strong></span> <span class='ocrx_word' id='word_1_275' title='bbox 346 4273 609 4329; x_wconf 90' lang='lat' dir='ltr'><strong>ridendus</strong></span> <span class='ocrx_word' id='word_1_276' title='bbox 635 4280 690 4328; x_wconf 91' lang='lat' dir='ltr'><strong>et</strong></span> <span class='ocrx_word' id='word_1_277' title='bbox 718 4271 930 4327; x_wconf 84' lang='lat' dir='ltr'><strong>infelici</strong></span> <span class='ocrx_word' id='word_1_278' title='bbox 961 4278 1106 4326; x_wconf 83' lang='lat' dir='ltr'><strong>sorte</strong></span> <span class='ocrx_word' id='word_1_279' title='bbox 1136 4270 1408 4327; x_wconf 91' lang='lat' dir='ltr'><strong>dolendus</strong></span> 
     </span>
    </p>
   </div>
   <div class='ocr_carea' id='block_1_46' title="bbox 237 4359 1532 4431">
    <p class='ocr_par' dir='ltr' id='par_1_46' title="bbox 237 4359 1532 4431">
     <span class='ocr_line' id='line_1_46' title="bbox 237 4359 1532 4431; baseline -0.004 -11"><span class='ocrx_word' id='word_1_280' title='bbox 237 4363 358 4420; x_wconf 86' lang='lat' dir='ltr'><strong>Jam</strong></span> <span class='ocrx_word' id='word_1_281' title='bbox 392 4363 591 4419; x_wconf 81' lang='lat' dir='ltr'><strong>vestris</strong></span> <span class='ocrx_word' id='word_1_282' title='bbox 615 4361 794 4418; x_wconf 91' lang='lat' dir='ltr'><strong>oculis</strong></span> <span class='ocrx_word' id='word_1_283' title='bbox 823 4362 990 4417; x_wconf 89' lang='lat' dir='ltr'><strong>miser</strong></span> <span class='ocrx_word' id='word_1_284' title='bbox 1015 4359 1387 4431; x_wconf 88' lang='lat' dir='ltr'><strong>objectabitur</strong></span> <span class='ocrx_word' id='word_1_285' title='bbox 1417 4360 1532 4429; x_wconf 91' lang='lat' dir='ltr'><strong>ille,</strong></span> 
     </span>
    </p>
   </div>
   <div class='ocr_carea' id='block_1_47' title="bbox 236 4450 1656 4525">
    <p class='ocr_par' dir='ltr' id='par_1_47' title="bbox 236 4450 1656 4525">
     <span class='ocr_line' id='line_1_47' title="bbox 236 4450 1656 4525; baseline -0.002 -15"><span class='ocrx_word' id='word_1_286' title='bbox 236 4453 412 4521; x_wconf 86' lang='lat' dir='ltr'><strong>Quem</strong></span> <span class='ocrx_word' id='word_1_287' title='bbox 442 4470 574 4510; x_wconf 83' lang='lat' dir='ltr'><strong>mox</strong></span> <span class='ocrx_word' id='word_1_288' title='bbox 600 4451 879 4525; x_wconf 89' lang='lat' dir='ltr'><strong>torquebit</strong></span> <span class='ocrx_word' id='word_1_289' title='bbox 907 4451 1038 4507; x_wconf 78' lang='lat' dir='ltr'><strong>fcedi</strong></span> <span class='ocrx_word' id='word_1_290' title='bbox 1071 4467 1226 4507; x_wconf 90' lang='lat' dir='ltr'><strong>mens</strong></span> <span class='ocrx_word' id='word_1_291' title='bbox 1254 4451 1476 4507; x_wconf 89' lang='lat' dir='ltr'><strong>conscia</strong></span> <span class='ocrx_word' id='word_1_292' title='bbox 1502 4450 1656 4507; x_wconf 88' lang='lat' dir='ltr'><strong>facti.</strong></span> 
     </span>
    </p>
   </div>
   <div class='ocr_carea' id='block_1_48' title="bbox 237 4539 1581 4614">
    <p class='ocr_par' dir='ltr' id='par_1_48' title="bbox 237 4539 1581 4614">
     <span class='ocr_line' id='line_1_48' title="bbox 237 4539 1581 4614; baseline -0.002 -15"><span class='ocrx_word' id='word_1_293' title='bbox 237 4542 417 4611; x_wconf 84' lang='lat' dir='ltr'><strong>Dixit,</strong></span> <span class='ocrx_word' id='word_1_294' title='bbox 454 4552 509 4600; x_wconf 89' lang='lat' dir='ltr'><strong>et</strong></span> <span class='ocrx_word' id='word_1_295' title='bbox 538 4543 596 4598; x_wconf 90' lang='lat' dir='ltr'><strong>in</strong></span> <span class='ocrx_word' id='word_1_296' title='bbox 629 4549 835 4614; x_wconf 91' lang='lat' dir='ltr'><strong>partem</strong></span> <span class='ocrx_word' id='word_1_297' title='bbox 872 4540 1141 4613; x_wconf 91' lang='lat' dir='ltr'><strong>porrectis</strong></span> <span class='ocrx_word' id='word_1_298' title='bbox 1173 4539 1408 4606; x_wconf 72' lang='lat' dir='ltr'><strong>visibus,</strong></span> <span class='ocrx_word' id='word_1_299' title='bbox 1437 4556 1581 4608; x_wconf 90' lang='lat' dir='ltr'><strong>ecce,</strong></span> 
     </span>
    </p>
   </div>
   <div class='ocr_carea' id='block_1_49' title="bbox 235 4630 1665 4703">
    <p class='ocr_par' dir='ltr' id='par_1_49' title="bbox 235 4630 1665 4703">
     <span class='ocr_line' id='line_1_49' title="bbox 235 4630 1665 4703; baseline -0.002 -16"><span class='ocrx_word' id='word_1_300' title='bbox 235 4630 475 4687; x_wconf 90' lang='lat' dir='ltr'><strong>Eminus</strong></span> <span class='ocrx_word' id='word_1_301' title='bbox 502 4630 808 4703; x_wconf 89' lang='lat' dir='ltr'><strong>inspiciunt</strong></span> <span class='ocrx_word' id='word_1_302' title='bbox 838 4630 1100 4703; x_wconf 87' lang='lat' dir='ltr'><strong>peditem,</strong></span> <span class='ocrx_word' id='word_1_303' title='bbox 1136 4632 1361 4702; x_wconf 90' lang='lat' dir='ltr'><strong>loroque</strong></span> <span class='ocrx_word' id='word_1_304' title='bbox 1389 4645 1665 4702; x_wconf 89' lang='lat' dir='ltr'><strong>manuque</strong></span> 
     </span>
    </p>
   </div>
   <div class='ocr_carea' id='block_1_50' title="bbox 236 4717 1831 4791">
    <p class='ocr_par' dir='ltr' id='par_1_50' title="bbox 236 4717 1831 4791">
     <span class='ocr_line' id='line_1_50' title="bbox 236 4717 1831 4791; baseline -0.004 -14"><span class='ocrx_word' id='word_1_305' title='bbox 236 4721 476 4791; x_wconf 77' lang='lat' dir='ltr'><strong>Raptum</strong></span> <span class='ocrx_word' id='word_1_306' title='bbox 497 4719 697 4775; x_wconf 87' lang='lat' dir='ltr'><strong>animal</strong></span> <span class='ocrx_word' id='word_1_307' title='bbox 724 4726 849 4791; x_wconf 89' lang='lat' dir='ltr'><strong>post</strong></span> <span class='ocrx_word' id='word_1_308' title='bbox 869 4734 926 4774; x_wconf 88' lang='lat' dir='ltr'><strong>se</strong></span> <span class='ocrx_word' id='word_1_309' title='bbox 949 4719 1274 4791; x_wconf 86' lang='lat' dir='ltr'><strong>pudibunda</strong></span> <span class='ocrx_word' id='word_1_310' title='bbox 1296 4719 1477 4775; x_wconf 88' lang='lat' dir='ltr'><strong>fronte</strong></span> <span class='ocrx_word' id='word_1_311' title='bbox 1503 4717 1831 4774; x_wconf 90' lang='lat' dir='ltr'><strong>trahentem.</strong></span> 
     </span>
    </p>
   </div>
   <div class='ocr_carea' id='block_1_51' title="bbox 235 4808 1833 4881">
    <p class='ocr_par' dir='ltr' id='par_1_51' title="bbox 235 4808 1833 4881">
     <span class='ocr_line' id='line_1_51' title="bbox 235 4808 1833 4881; baseline -0.001 -17"><span class='ocrx_word' id='word_1_312' title='bbox 235 4809 494 4879; x_wconf 87' lang='lat' dir='ltr'><strong>Dumque</strong></span> <span class='ocrx_word' id='word_1_313' title='bbox 509 4809 603 4865; x_wconf 90' lang='lat' dir='ltr'><strong>ille</strong></span> <span class='ocrx_word' id='word_1_314' title='bbox 616 4808 940 4877; x_wconf 87' lang='lat' dir='ltr'><strong>accelerat,d</strong></span> <span class='ocrx_word' id='word_1_315' title='bbox 952 4824 1150 4881; x_wconf 88' lang='lat' dir='ltr'><strong>umque</strong></span> <span class='ocrx_word' id='word_1_316' title='bbox 1165 4808 1223 4864; x_wconf 94' lang='lat' dir='ltr'><strong>hi</strong></span> <span class='ocrx_word' id='word_1_317' title='bbox 1236 4824 1348 4864; x_wconf 91' lang='lat' dir='ltr'><strong>non</strong></span> <span class='ocrx_word' id='word_1_318' title='bbox 1363 4808 1833 4863; x_wconf 88' lang='lat' dir='ltr'><strong>multamorantur</strong></span> 
     </span>
    </p>
   </div>
   <div class='ocr_carea' id='block_1_52' title="bbox 240 4895 1725 4971">
    <p class='ocr_par' dir='ltr' id='par_1_52' title="bbox 240 4895 1725 4971">
     <span class='ocr_line' id='line_1_52' title="bbox 240 4895 1725 4971; baseline -0.001 -18"><span class='ocrx_word' id='word_1_319' title='bbox 240 4895 723 4970; x_wconf 87' lang='lat' dir='ltr'><strong>Consequiturque</strong></span> <span class='ocrx_word' id='word_1_320' title='bbox 752 4897 931 4966; x_wconf 88' lang='lat' dir='ltr'><strong>brevi,</strong></span> <span class='ocrx_word' id='word_1_321' title='bbox 962 4914 1125 4971; x_wconf 89' lang='lat' dir='ltr'><strong>seque</strong></span> <span class='ocrx_word' id='word_1_322' title='bbox 1149 4896 1217 4953; x_wconf 90' lang='lat' dir='ltr'><strong>ad</strong></span> <span class='ocrx_word' id='word_1_323' title='bbox 1246 4897 1481 4969; x_wconf 87' lang='lat' dir='ltr'><strong>vestigia</strong></span> <span class='ocrx_word' id='word_1_324' title='bbox 1509 4896 1725 4965; x_wconf 89' lang='lat' dir='ltr'><strong>sternit,</strong></span> 
     </span>
    </p>
   </div>
   <div class='ocr_carea' id='block_1_53' title="bbox 236 4985 1668 5059">
    <p class='ocr_par' dir='ltr' id='par_1_53' title="bbox 236 4985 1668 5059">
     <span class='ocr_line' id='line_1_53' title="bbox 236 4985 1668 5059; baseline 0.001 -19"><span class='ocrx_word' id='word_1_325' title='bbox 236 4985 447 5041; x_wconf 90' lang='lat' dir='ltr'><strong>Ordine</strong></span> <span class='ocrx_word' id='word_1_326' title='bbox 477 4987 833 5044; x_wconf 88' lang='lat' dir='ltr'><strong>commissum</strong></span> <span class='ocrx_word' id='word_1_327' title='bbox 861 4988 1037 5044; x_wconf 87' lang='lat' dir='ltr'><strong>fassus</strong></span> <span class='ocrx_word' id='word_1_328' title='bbox 1071 5004 1162 5059; x_wconf 91' lang='lat' dir='ltr'><strong>per</strong></span> <span class='ocrx_word' id='word_1_329' title='bbox 1191 4987 1408 5058; x_wconf 89' lang='lat' dir='ltr'><strong>singula</strong></span> <span class='ocrx_word' id='word_1_330' title='bbox 1436 4985 1668 5053; x_wconf 89' lang='lat' dir='ltr'><strong>crimen,</strong></span> 
     </span>
    </p>
   </div>
   <div class='ocr_carea' id='block_1_54' title="bbox 235 5073 1836 5149">
    <p class='ocr_par' dir='ltr' id='par_1_54' title="bbox 235 5073 1836 5149">
     <span class='ocr_line' id='line_1_54' title="bbox 235 5073 1836 5149; baseline 0.001 -20"><span class='ocrx_word' id='word_1_331' title='bbox 235 5073 416 5147; x_wconf 89' lang='lat' dir='ltr'><strong>Seque</strong></span> <span class='ocrx_word' id='word_1_332' title='bbox 438 5075 516 5132; x_wconf 88' lang='lat' dir='ltr'><strong>ita</strong></span> <span class='ocrx_word' id='word_1_333' title='bbox 530 5076 704 5133; x_wconf 88' lang='lat' dir='ltr'><strong>totius</strong></span> <span class='ocrx_word' id='word_1_334' title='bbox 722 5077 1030 5149; x_wconf 83' lang='lat' dir='ltr'><strong>implexum</strong></span> <span class='ocrx_word' id='word_1_335' title='bbox 1056 5074 1172 5149; x_wconf 91' lang='lat' dir='ltr'><strong>[B.,</strong></span> <span class='ocrx_word' id='word_1_336' title='bbox 1196 5074 1836 5149; x_wconf 87' lang='lat' dir='ltr'><strong>constrictum]tempore</strong></span> 
     </span>
    </p>
   </div>
   <div class='ocr_carea' id='block_1_55' title="bbox 1552 5163 1731 5219">
    <p class='ocr_par' dir='ltr' id='par_1_55' title="bbox 1552 5163 1731 5219">
     <span class='ocr_line' id='line_1_55' title="bbox 1552 5163 1731 5219; baseline 0.006 -1"><span class='ocrx_word' id='word_1_337' title='bbox 1552 5163 1731 5219; x_wconf 89' lang='lat' dir='ltr'><strong>noctis</strong></span> 
     </span>
    </p>
   </div>
   <div class='ocr_carea' id='block_1_56' title="bbox 307 5281 1835 5354">
    <p class='ocr_par' dir='ltr' id='par_1_56' title="bbox 307 5281 1835 5354">
     <span class='ocr_line' id='line_1_56' title="bbox 307 5281 1835 5354; baseline -0.005 -12"><span class='ocrx_word' id='word_1_338' title='bbox 307 5290 328 5312; x_wconf 84' lang='lat'>&#39;</span> <span class='ocrx_word' id='word_1_339' title='bbox 367 5283 570 5342; x_wconf 88' lang='lat' dir='ltr'><strong>Clavus</strong></span> <span class='ocrx_word' id='word_1_340' title='bbox 595 5284 842 5354; x_wconf 88' lang='lat' dir='ltr'><strong>trabalis,</strong></span> <span class='ocrx_word' id='word_1_341' title='bbox 890 5284 1159 5341; x_wconf 80' lang='lat' dir='ltr'><strong>adhibitus</strong></span> <span class='ocrx_word' id='word_1_342' title='bbox 1214 5284 1343 5341; x_wconf 75' lang='lat' dir='ltr'><strong>olim</strong></span> <span class='ocrx_word' id='word_1_343' title='bbox 1385 5281 1551 5353; x_wconf 82' lang='lat' dir='ltr'><strong>fuisse</strong></span> <span class='ocrx_word' id='word_1_344' title='bbox 1597 5283 1835 5338; x_wconf 78' lang='lat' dir='ltr'><strong>creditur</strong></span> 
     </span>
    </p>
   </div>
   <div class='ocr_carea' id='block_1_57' title="bbox 230 5354 1831 5427">
    <p class='ocr_par' dir='ltr' id='par_1_57' title="bbox 230 5354 1831 5427">
     <span class='ocr_line' id='line_1_57' title="bbox 230 5354 1831 5427; baseline -0.001 -15"><span class='ocrx_word' id='word_1_345' title='bbox 230 5356 307 5412; x_wconf 81' lang='lat' dir='ltr'><strong>ad</strong></span> <span class='ocrx_word' id='word_1_346' title='bbox 345 5357 666 5427; x_wconf 81' lang='lat' dir='ltr'><strong>supplicium</strong></span> <span class='ocrx_word' id='word_1_347' title='bbox 702 5364 749 5412; x_wconf 89' lang='lat' dir='ltr'><strong>et</strong></span> <span class='ocrx_word' id='word_1_348' title='bbox 773 5357 1066 5412; x_wconf 79' lang='lat' dir='ltr'><strong>cruciatum</strong></span> <span class='ocrx_word' id='word_1_349' title='bbox 1091 5356 1446 5426; x_wconf 77' lang='lat' dir='ltr'><strong>inferendum.</strong></span> <span class='ocrx_word' id='word_1_350' title='bbox 1477 5355 1611 5410; x_wconf 83' lang='lat' dir='ltr'><strong>Hinc</strong></span> <span class='ocrx_word' id='word_1_351' title='bbox 1635 5354 1697 5410; x_wconf 85' lang='lat' dir='ltr'><strong>de</strong></span> <span class='ocrx_word' id='word_1_352' title='bbox 1722 5354 1831 5424; x_wconf 78' lang='lat' dir='ltr'><strong>for-</strong></span> 
     </span>
    </p>
   </div>
   <div class='ocr_carea' id='block_1_58' title="bbox 237 5427 1312 5497">
    <p class='ocr_par' dir='ltr' id='par_1_58' title="bbox 237 5427 1312 5497">
     <span class='ocr_line' id='line_1_58' title="bbox 237 5427 1312 5497; baseline 0 -15"><span class='ocrx_word' id='word_1_353' title='bbox 237 5434 374 5484; x_wconf 83' lang='lat' dir='ltr'><strong>tuna</strong></span> <span class='ocrx_word' id='word_1_354' title='bbox 402 5429 663 5485; x_wconf 82' lang='lat' dir='ltr'><strong>Horatius</strong></span> <span class='ocrx_word' id='word_1_355' title='bbox 695 5429 787 5485; x_wconf 88' lang='lat' dir='ltr'><strong>lib.</strong></span> <span class='ocrx_word' id='word_1_356' title='bbox 820 5446 858 5497; x_wconf 84' lang='lat'><strong>1,</strong></span> <span class='ocrx_word' id='word_1_357' title='bbox 890 5445 1057 5483; x_wconf 84' lang='lat' dir='ltr'><strong>carm.</strong></span> <span class='ocrx_word' id='word_1_358' title='bbox 1093 5429 1195 5484; x_wconf 85' lang='lat' dir='ltr'><strong>Od.</strong></span> <span class='ocrx_word' id='word_1_359' title='bbox 1223 5427 1312 5483; x_wconf 84' lang='lat'><strong>35.</strong></span> 
     </span>
    </p>
   </div>
   <div class='ocr_carea' id='block_1_59' title="bbox 426 5526 1425 5590">
    <p class='ocr_par' dir='ltr' id='par_1_59' title="bbox 426 5526 1425 5590">
     <span class='ocr_line' id='line_1_59' title="bbox 426 5526 1425 5590; baseline -0.002 -16"><span class='ocrx_word' id='word_1_360' title='bbox 426 5526 498 5590; x_wconf 77' lang='lat' dir='ltr'><strong>’I‘e</strong></span> <span class='ocrx_word' id='word_1_361' title='bbox 529 5541 735 5590; x_wconf 75' lang='lat' dir='ltr'><strong>semper</strong></span> <span class='ocrx_word' id='word_1_362' title='bbox 768 5528 929 5575; x_wconf 86' lang='lat' dir='ltr'><strong>anteit</strong></span> <span class='ocrx_word' id='word_1_363' title='bbox 954 5540 1090 5574; x_wconf 67' lang='lat' dir='ltr'><strong>saeva</strong></span> <span class='ocrx_word' id='word_1_364' title='bbox 1121 5526 1425 5587; x_wconf 80' lang='lat' dir='ltr'><strong>necessitas,</strong></span> 
     </span>
    </p>
   </div>
   <div class='ocr_carea' id='block_1_60' title="bbox 429 5588 1357 5649">
    <p class='ocr_par' dir='ltr' id='par_1_60' title="bbox 429 5588 1357 5649">
     <span class='ocr_line' id='line_1_60' title="bbox 429 5588 1357 5649; baseline -0.004 -10"><span class='ocrx_word' id='word_1_365' title='bbox 429 5588 613 5639; x_wconf 85' lang='lat' dir='ltr'><strong>Clavos</strong></span> <span class='ocrx_word' id='word_1_366' title='bbox 642 5588 880 5649; x_wconf 78' lang='lat' dir='ltr'><strong>irabales,</strong></span> <span class='ocrx_word' id='word_1_367' title='bbox 913 5597 963 5637; x_wconf 91' lang='lat' dir='ltr'><strong>et</strong></span> <span class='ocrx_word' id='word_1_368' title='bbox 985 5601 1175 5637; x_wconf 89' lang='lat' dir='ltr'><strong>cuneos</strong></span> <span class='ocrx_word' id='word_1_369' title='bbox 1199 5600 1357 5636; x_wconf 86' lang='lat' dir='ltr'><strong>manu</strong></span> 
     </span>
    </p>
   </div>
   <div class='ocr_carea' id='block_1_61' title="bbox 434 5651 992 5711">
    <p class='ocr_par' dir='ltr' id='par_1_61' title="bbox 434 5651 992 5711">
     <span class='ocr_line' id='line_1_61' title="bbox 434 5651 992 5711; baseline -0.004 -8"><span class='ocrx_word' id='word_1_370' title='bbox 434 5651 657 5704; x_wconf 86' lang='lat' dir='ltr'><strong>Gestans</strong></span> <span class='ocrx_word' id='word_1_371' title='bbox 685 5654 866 5711; x_wconf 82' lang='lat' dir='ltr'><strong>ahena,</strong></span> <span class='ocrx_word' id='word_1_372' title='bbox 893 5658 992 5701; x_wconf 91' lang='lat' dir='ltr'><strong>etc.</strong></span> 
     </span>
    </p>
   </div>
   <div class='ocr_carea' id='block_1_62' title="bbox 1309 253 2508 349">
    <p class='ocr_par' dir='ltr' id='par_1_62' title="bbox 1309 253 2508 349">
     <span class='ocr_line' id='line_1_62' title="bbox 1309 253 2508 349; baseline -0.004 -33"><span class='ocrx_word' id='word_1_373' title='bbox 1309 258 1404 316; x_wconf 91' lang='lat' dir='ltr'><strong>DE</strong></span> <span class='ocrx_word' id='word_1_374' title='bbox 1442 257 1615 316; x_wconf 83' lang='lat' dir='ltr'><strong>VITA</strong></span> <span class='ocrx_word' id='word_1_375' title='bbox 1652 255 1708 314; x_wconf 91' lang='lat' dir='ltr'><strong>S.</strong></span> <span class='ocrx_word' id='word_1_376' title='bbox 1749 254 2088 349; x_wconf 83' lang='lat' dir='ltr'><strong>GERMANI.</strong></span> <span class='ocrx_word' id='word_1_377' title='bbox 2131 282 2197 295; x_wconf 89' lang='lat'><strong>-</strong></span> <span class='ocrx_word' id='word_1_378' title='bbox 2237 253 2372 313; x_wconf 89' lang='lat' dir='ltr'><strong>LIB.</strong></span> <span class='ocrx_word' id='word_1_379' title='bbox 2412 254 2508 313; x_wconf 80' lang='lat' dir='ltr'><strong>IV.</strong></span> 
     </span>
    </p>
   </div>
   <div class='ocr_carea' id='block_1_63' title="bbox 3419 257 3556 316">
    <p class='ocr_par' dir='ltr' id='par_1_63' title="bbox 3419 257 3556 316">
     <span class='ocr_line' id='line_1_63' title="bbox 3419 257 3556 316; baseline 0 0"><span class='ocrx_word' id='word_1_380' title='bbox 3419 257 3556 316; x_wconf 79' lang='grc'><strong>1178</strong></span> 
     </span>
    </p>
   </div>
   <div class='ocr_carea' id='block_1_64' title="bbox 1877 405 3265 482">
    <p class='ocr_par' dir='ltr' id='par_1_64' title="bbox 1877 405 3265 482">
     <span class='ocr_line' id='line_1_64' title="bbox 1877 405 3265 482; baseline -0.001 -16"><span class='ocrx_word' id='word_1_381' title='bbox 1877 419 1929 477; x_wconf 83' lang='grc' dir='ltr'><strong>Α</strong></span> <span class='ocrx_word' id='word_1_382' title='bbox 1956 409 2028 466; x_wconf 89' lang='lat' dir='ltr'><strong>Ut</strong></span> <span class='ocrx_word' id='word_1_383' title='bbox 2054 410 2210 465; x_wconf 88' lang='lat' dir='ltr'><strong>nullo</strong></span> <span class='ocrx_word' id='word_1_384' title='bbox 2238 424 2514 482; x_wconf 87' lang='lat' dir='ltr'><strong>quoquam</strong></span> <span class='ocrx_word' id='word_1_385' title='bbox 2545 412 2728 482; x_wconf 90' lang='lat' dir='ltr'><strong>posset</strong></span> <span class='ocrx_word' id='word_1_386' title='bbox 2764 405 3039 465; x_wconf 88' lang='lat' dir='ltr'><strong>divertere</strong></span> <span class='ocrx_word' id='word_1_387' title='bbox 3070 414 3265 481; x_wconf 88' lang='lat' dir='ltr'><strong>pacto;</strong></span> 
     </span>
    </p>
   </div>
   <div class='ocr_carea' id='block_1_65' title="bbox 1955 498 3441 572">
    <p class='ocr_par' dir='ltr' id='par_1_65' title="bbox 1955 498 3441 572">
     <span class='ocr_line' id='line_1_65' title="bbox 1955 498 3441 572; baseline -0.001 -15"><span class='ocrx_word' id='word_1_388' title='bbox 1955 500 2023 557; x_wconf 92' lang='lat' dir='ltr'><strong>Ni</strong></span> <span class='ocrx_word' id='word_1_389' title='bbox 2054 515 2184 555; x_wconf 87' lang='lat' dir='ltr'><strong>mox</strong></span> <span class='ocrx_word' id='word_1_390' title='bbox 2212 498 2623 572; x_wconf 85' lang='lat' dir='ltr'><strong>quadrupedem</strong></span> <span class='ocrx_word' id='word_1_391' title='bbox 2662 498 2909 555; x_wconf 86' lang='lat' dir='ltr'><strong>vovisset</strong></span> <span class='ocrx_word' id='word_1_392' title='bbox 2946 498 3173 555; x_wconf 88' lang='lat' dir='ltr'><strong>reddere</strong></span> <span class='ocrx_word' id='word_1_393' title='bbox 3201 505 3441 572; x_wconf 91' lang='lat' dir='ltr'><strong>captum.</strong></span> 
     </span>
    </p>
   </div>
   <div class='ocr_carea' id='block_1_66' title="bbox 1956 588 3442 662">
    <p class='ocr_par' dir='ltr' id='par_1_66' title="bbox 1956 588 3442 662">
     <span class='ocr_line' id='line_1_66' title="bbox 1956 588 3442 662; baseline 0 -16"><span class='ocrx_word' id='word_1_394' title='bbox 1956 591 2094 646; x_wconf 92' lang='lat' dir='ltr'><strong>Tum</strong></span> <span class='ocrx_word' id='word_1_395' title='bbox 2121 605 2273 645; x_wconf 90' lang='lat' dir='ltr'><strong>sacer</strong></span> <span class='ocrx_word' id='word_1_396' title='bbox 2300 588 2560 658; x_wconf 89' lang='lat' dir='ltr'><strong>indoluit,</strong></span> <span class='ocrx_word' id='word_1_397' title='bbox 2587 589 2852 662; x_wconf 89' lang='lat' dir='ltr'><strong>mollique</strong></span> <span class='ocrx_word' id='word_1_398' title='bbox 2873 590 3130 645; x_wconf 72' lang='lat' dir='ltr'><strong>affamine</strong></span> <span class='ocrx_word' id='word_1_399' title='bbox 3162 590 3442 646; x_wconf 89' lang='lat' dir='ltr'><strong>mulcens:</strong></span> 
     </span>
    </p>
   </div>
   <div class='ocr_carea' id='block_1_67' title="bbox 1954 678 3353 753">
    <p class='ocr_par' dir='ltr' id='par_1_67' title="bbox 1954 678 3353 753">
     <span class='ocr_line' id='line_1_67' title="bbox 1954 678 3353 753; baseline -0.002 -17"><span class='ocrx_word' id='word_1_400' title='bbox 1954 681 2060 748; x_wconf 87' lang='lat' dir='ltr'><strong>En,</strong></span> <span class='ocrx_word' id='word_1_401' title='bbox 2100 680 2202 736; x_wconf 88' lang='lat' dir='ltr'><strong>tibi</strong></span> <span class='ocrx_word' id='word_1_402' title='bbox 2230 678 2377 753; x_wconf 89' lang='lat' dir='ltr'><strong>quod</strong></span> <span class='ocrx_word' id='word_1_403' title='bbox 2406 679 2557 735; x_wconf 89' lang='lat' dir='ltr'><strong>nudo</strong></span> <span class='ocrx_word' id='word_1_404' title='bbox 2583 680 2786 747; x_wconf 87' lang='lat' dir='ltr'><strong>deerat,</strong></span> <span class='ocrx_word' id='word_1_405' title='bbox 2822 680 2866 734; x_wconf 87' lang='lat' dir='ltr'><strong>si</strong></span> <span class='ocrx_word' id='word_1_406' title='bbox 2894 680 3033 736; x_wconf 86' lang='lat' dir='ltr'><strong>forte</strong></span> <span class='ocrx_word' id='word_1_407' title='bbox 3063 679 3353 752; x_wconf 84' lang='lat' dir='ltr'><strong>dedissem,</strong></span> 
     </span>
    </p>
   </div>
   <div class='ocr_carea' id='block_1_68' title="bbox 1953 769 3189 841">
    <p class='ocr_par' dir='ltr' id='par_1_68' title="bbox 1953 769 3189 841">
     <span class='ocr_line' id='line_1_68' title="bbox 1953 769 3189 841; baseline 0.003 -16"><span class='ocrx_word' id='word_1_408' title='bbox 1953 769 2211 826; x_wconf 89' lang='lat' dir='ltr'><strong>Patrandi</strong></span> <span class='ocrx_word' id='word_1_409' title='bbox 2240 770 2459 826; x_wconf 89' lang='lat' dir='ltr'><strong>sceleris</strong></span> <span class='ocrx_word' id='word_1_410' title='bbox 2492 769 2754 841; x_wconf 90' lang='lat' dir='ltr'><strong>impulsio</strong></span> <span class='ocrx_word' id='word_1_411' title='bbox 2786 771 2939 826; x_wconf 90' lang='lat' dir='ltr'><strong>nulla</strong></span> <span class='ocrx_word' id='word_1_412' title='bbox 2979 771 3189 830; x_wconf 82' lang='lat' dir='ltr'><strong>fuisset.</strong></span> 
     </span>
    </p>
   </div>
   <div class='ocr_carea' id='block_1_69' title="bbox 1953 858 3551 931">
    <p class='ocr_par' dir='ltr' id='par_1_69' title="bbox 1953 858 3551 931">
     <span class='ocr_line' id='line_1_69' title="bbox 1953 858 3551 931; baseline 0.003 -17"><span class='ocrx_word' id='word_1_413' title='bbox 1953 859 2109 916; x_wconf 87' lang='lat' dir='ltr'><strong>Nunc</strong></span> <span class='ocrx_word' id='word_1_414' title='bbox 2139 875 2269 931; x_wconf 91' lang='lat' dir='ltr'><strong>cape</strong></span> <span class='ocrx_word' id='word_1_415' title='bbox 2314 858 2473 931; x_wconf 89' lang='lat' dir='ltr'><strong>cujus</strong></span> <span class='ocrx_word' id='word_1_416' title='bbox 2504 874 2664 931; x_wconf 90' lang='lat' dir='ltr'><strong>eges:</strong></span> <span class='ocrx_word' id='word_1_417' title='bbox 2706 859 2850 930; x_wconf 90' lang='lat' dir='ltr'><strong>quod</strong></span> <span class='ocrx_word' id='word_1_418' title='bbox 2886 866 3135 917; x_wconf 90' lang='lat' dir='ltr'><strong>nostrum</strong></span> <span class='ocrx_word' id='word_1_419' title='bbox 3166 869 3268 925; x_wconf 86' lang='lat' dir='ltr'><strong>est,</strong></span> <span class='ocrx_word' id='word_1_420' title='bbox 3311 860 3551 931; x_wconf 88' lang='lat' dir='ltr'><strong>reddito,</strong></span> 
     </span>
    </p>
   </div>
   <div class='ocr_carea' id='block_1_70' title="bbox 3256 948 3443 1021">
    <p class='ocr_par' dir='ltr' id='par_1_70' title="bbox 3256 948 3443 1021">
     <span class='ocr_line' id='line_1_70' title="bbox 3256 948 3443 1021; baseline 0.021 -16"><span class='ocrx_word' id='word_1_421' title='bbox 3256 948 3443 1021; x_wconf 87' lang='lat' dir='ltr'><strong>[dixit.</strong></span> 
     </span>
    </p>
   </div>
   <div class='ocr_carea' id='block_1_71' title="bbox 1952 1038 3370 1112">
    <p class='ocr_par' dir='ltr' id='par_1_71' title="bbox 1952 1038 3370 1112">
     <span class='ocr_line' id='line_1_71' title="bbox 1952 1038 3370 1112; baseline 0 -16"><span class='ocrx_word' id='word_1_422' title='bbox 1952 1038 2042 1096; x_wconf 91' lang='lat' dir='ltr'><strong>Sic</strong></span> <span class='ocrx_word' id='word_1_423' title='bbox 2064 1054 2190 1095; x_wconf 89' lang='lat' dir='ltr'><strong>reus</strong></span> <span class='ocrx_word' id='word_1_424' title='bbox 2216 1038 2487 1095; x_wconf 89' lang='lat' dir='ltr'><strong>indultam</strong></span> <span class='ocrx_word' id='word_1_425' title='bbox 2519 1039 2733 1095; x_wconf 87' lang='lat' dir='ltr'><strong>revehit</strong></span> <span class='ocrx_word' id='word_1_426' title='bbox 2754 1057 2877 1095; x_wconf 91' lang='lat' dir='ltr'><strong>cum</strong></span> <span class='ocrx_word' id='word_1_427' title='bbox 2907 1055 3132 1096; x_wconf 92' lang='lat' dir='ltr'><strong>munere</strong></span> <span class='ocrx_word' id='word_1_428' title='bbox 3163 1055 3370 1112; x_wconf 88' lang='lat' dir='ltr'><strong>pacem.</strong></span> 
     </span>
    </p>
   </div>
   <div class='ocr_carea' id='block_1_72' title="bbox 2025 1129 3549 1204">
    <p class='ocr_par' dir='ltr' id='par_1_72' title="bbox 2025 1129 3549 1204">
     <span class='ocr_line' id='line_1_72' title="bbox 2025 1129 3549 1204; baseline 0.002 -19"><span class='ocrx_word' id='word_1_429' title='bbox 2025 1129 2146 1186; x_wconf 81' lang='grc'><strong>105.</strong></span> <span class='ocrx_word' id='word_1_430' title='bbox 2188 1130 2391 1186; x_wconf 87' lang='lat' dir='ltr'><strong>Secreti</strong></span> <span class='ocrx_word' id='word_1_431' title='bbox 2432 1129 2670 1201; x_wconf 91' lang='lat' dir='ltr'><strong>cupidus</strong></span> <span class='ocrx_word' id='word_1_432' title='bbox 2713 1137 2904 1186; x_wconf 88' lang='lat' dir='ltr'><strong>sancto</strong></span> <span class='ocrx_word' id='word_1_433' title='bbox 2949 1131 3038 1185; x_wconf 89' lang='lat' dir='ltr'><strong>vir</strong></span> <span class='ocrx_word' id='word_1_434' title='bbox 3066 1131 3297 1187; x_wconf 89' lang='lat' dir='ltr'><strong>numine</strong></span> <span class='ocrx_word' id='word_1_435' title='bbox 3334 1131 3549 1204; x_wconf 85' lang='lat' dir='ltr'><strong>plenus,</strong></span> 
     </span>
    </p>
   </div>
   <div class='ocr_carea' id='block_1_73' title="bbox 1949 1220 3254 1292">
    <p class='ocr_par' dir='ltr' id='par_1_73' title="bbox 1949 1220 3254 1292">
     <span class='ocr_line' id='line_1_73' title="bbox 1949 1220 3254 1292; baseline 0 -15"><span class='ocrx_word' id='word_1_436' title='bbox 1949 1221 2069 1277; x_wconf 91' lang='lat' dir='ltr'><strong>Non</strong></span> <span class='ocrx_word' id='word_1_437' title='bbox 2100 1222 2273 1292; x_wconf 88' lang='lat' dir='ltr'><strong>magis</strong></span> <span class='ocrx_word' id='word_1_438' title='bbox 2296 1229 2554 1277; x_wconf 89' lang='lat' dir='ltr'><strong>externos</strong></span> <span class='ocrx_word' id='word_1_439' title='bbox 2582 1221 2777 1277; x_wconf 89' lang='lat' dir='ltr'><strong>doctus</strong></span> <span class='ocrx_word' id='word_1_440' title='bbox 2812 1220 2988 1276; x_wconf 87' lang='lat' dir='ltr'><strong>vitare</strong></span> <span class='ocrx_word' id='word_1_441' title='bbox 3018 1221 3254 1291; x_wconf 89' lang='lat' dir='ltr'><strong>favores,</strong></span> 
     </span>
    </p>
   </div>
   <div class='ocr_carea' id='block_1_74' title="bbox 1950 1308 3551 1383">
    <p class='ocr_par' dir='ltr' id='par_1_74' title="bbox 1950 1308 3551 1383">
     <span class='ocr_line' id='line_1_74' title="bbox 1950 1308 3551 1383; baseline 0.002 -18"><span class='ocrx_word' id='word_1_442' title='bbox 1950 1308 2232 1383; x_wconf 89' lang='lat' dir='ltr'><strong>Quamque</strong></span> <span class='ocrx_word' id='word_1_443' title='bbox 2279 1308 2397 1382; x_wconf 87' lang='lat' dir='ltr'><strong>[B.,</strong></span> <span class='ocrx_word' id='word_1_444' title='bbox 2442 1309 2645 1383; x_wconf 88' lang='lat' dir='ltr'><strong>Atque]</strong></span> <span class='ocrx_word' id='word_1_445' title='bbox 2697 1309 3081 1366; x_wconf 88' lang='lat' dir='ltr'><strong>ministrorum</strong></span> <span class='ocrx_word' id='word_1_446' title='bbox 3136 1310 3330 1367; x_wconf 88' lang='lat' dir='ltr'><strong>solatia</strong></span> <span class='ocrx_word' id='word_1_447' title='bbox 3360 1311 3551 1369; x_wconf 86' lang='lat' dir='ltr'><strong>crebra</strong></span> 
     </span>
    </p>
   </div>
   <div class='ocr_carea' id='block_1_75' title="bbox 2567 1398 3441 1472">
    <p class='ocr_par' dir='ltr' id='par_1_75' title="bbox 2567 1398 3441 1472">
     <span class='ocr_line' id='line_1_75' title="bbox 2567 1398 3441 1472; baseline 0 -16"><span class='ocrx_word' id='word_1_448' title='bbox 2567 1427 2570 1430; x_wconf 68' lang='lat'><strong><em>~</em></strong></span> <span class='ocrx_word' id='word_1_449' title='bbox 3170 1398 3441 1472; x_wconf 87' lang='lat' dir='ltr'><strong>[suorum,</strong></span> 
     </span>
    </p>
   </div>
   <div class='ocr_carea' id='block_1_76' title="bbox 1949 1487 3407 1561">
    <p class='ocr_par' dir='ltr' id='par_1_76' title="bbox 1949 1487 3407 1561">
     <span class='ocr_line' id='line_1_76' title="bbox 1949 1487 3407 1561; baseline -0.001 -17"><span class='ocrx_word' id='word_1_450' title='bbox 1949 1488 2093 1546; x_wconf 88' lang='lat' dir='ltr'><strong>Voto</strong></span> <span class='ocrx_word' id='word_1_451' title='bbox 2122 1487 2414 1556; x_wconf 89' lang='lat' dir='ltr'><strong>detulerat,</strong></span> <span class='ocrx_word' id='word_1_452' title='bbox 2448 1487 2823 1561; x_wconf 87' lang='lat' dir='ltr'><strong>latebramque</strong></span> <span class='ocrx_word' id='word_1_453' title='bbox 2862 1488 3049 1543; x_wconf 88' lang='lat' dir='ltr'><strong>fovere</strong></span> <span class='ocrx_word' id='word_1_454' title='bbox 3088 1504 3407 1560; x_wconf 88' lang='lat' dir='ltr'><strong>perennem,</strong></span> 
     </span>
    </p>
   </div>
   <div class='ocr_carea' id='block_1_77' title="bbox 1948 1574 3545 1648">
    <p class='ocr_par' dir='ltr' id='par_1_77' title="bbox 1948 1574 3545 1648">
     <span class='ocr_line' id='line_1_77' title="bbox 1948 1574 3545 1648; baseline 0.003 -19"><span class='ocrx_word' id='word_1_455' title='bbox 1948 1575 2366 1648; x_wconf 89' lang='lat' dir='ltr'><strong>Immunemque</strong></span> <span class='ocrx_word' id='word_1_456' title='bbox 2394 1590 2563 1642; x_wconf 67' lang='lat' dir='ltr'><strong>aurae,</strong></span> <span class='ocrx_word' id='word_1_457' title='bbox 2597 1590 2761 1647; x_wconf 89' lang='lat' dir='ltr'><strong>quam</strong></span> <span class='ocrx_word' id='word_1_458' title='bbox 2791 1574 2952 1647; x_wconf 87' lang='lat' dir='ltr'><strong>longa</strong></span> <span class='ocrx_word' id='word_1_459' title='bbox 2981 1583 3081 1644; x_wconf 89' lang='lat' dir='ltr'><strong>est,</strong></span> <span class='ocrx_word' id='word_1_460' title='bbox 3123 1578 3323 1633; x_wconf 89' lang='lat' dir='ltr'><strong>ducere</strong></span> <span class='ocrx_word' id='word_1_461' title='bbox 3352 1575 3545 1633; x_wconf 89' lang='lat' dir='ltr'><strong>vitam.</strong></span> 
     </span>
    </p>
   </div>
   <div class='ocr_carea' id='block_1_78' title="bbox 1947 1663 3227 1737">
    <p class='ocr_par' dir='ltr' id='par_1_78' title="bbox 1947 1663 3227 1737">
     <span class='ocr_line' id='line_1_78' title="bbox 1947 1663 3227 1737; baseline -0.003 -14"><span class='ocrx_word' id='word_1_462' title='bbox 1947 1666 2277 1723; x_wconf 89' lang='lat' dir='ltr'><strong>Inconvulsa</strong></span> <span class='ocrx_word' id='word_1_463' title='bbox 2305 1672 2489 1719; x_wconf 88' lang='lat' dir='ltr'><strong>manet</strong></span> <span class='ocrx_word' id='word_1_464' title='bbox 2510 1664 2692 1735; x_wconf 88' lang='lat' dir='ltr'><strong>magni</strong></span> <span class='ocrx_word' id='word_1_465' title='bbox 2715 1663 2810 1720; x_wconf 90' lang='lat' dir='ltr'><strong>sed</strong></span> <span class='ocrx_word' id='word_1_466' title='bbox 2839 1663 3058 1737; x_wconf 87' lang='lat' dir='ltr'><strong>sponsio</strong></span> <span class='ocrx_word' id='word_1_467' title='bbox 3081 1664 3227 1733; x_wconf 86' lang='lat' dir='ltr'><strong>Jesu,</strong></span> 
     </span>
    </p>
   </div>
   <div class='ocr_carea' id='block_1_79' title="bbox 1948 1753 3403 1827">
    <p class='ocr_par' dir='ltr' id='par_1_79' title="bbox 1948 1753 3403 1827">
     <span class='ocr_line' id='line_1_79' title="bbox 1948 1753 3403 1827; baseline -0.001 -16"><span class='ocrx_word' id='word_1_468' title='bbox 1948 1755 2227 1811; x_wconf 86' lang='lat' dir='ltr'><strong>Montibus</strong></span> <span class='ocrx_word' id='word_1_469' title='bbox 2261 1754 2575 1827; x_wconf 89' lang='lat' dir='ltr'><strong>impositam</strong></span> <span class='ocrx_word' id='word_1_470' title='bbox 2614 1770 2725 1809; x_wconf 90' lang='lat' dir='ltr'><strong>non</strong></span> <span class='ocrx_word' id='word_1_471' title='bbox 2755 1753 2883 1809; x_wconf 87' lang='lat' dir='ltr'><strong>abdi</strong></span> <span class='ocrx_word' id='word_1_472' title='bbox 2920 1754 3134 1810; x_wconf 91' lang='lat' dir='ltr'><strong>visibus</strong></span> <span class='ocrx_word' id='word_1_473' title='bbox 3173 1754 3403 1810; x_wconf 88' lang='lat' dir='ltr'><strong>urbem:</strong></span> 
     </span>
    </p>
   </div>
   <div class='ocr_carea' id='block_1_80' title="bbox 1947 1843 3436 1917">
    <p class='ocr_par' dir='ltr' id='par_1_80' title="bbox 1947 1843 3436 1917">
     <span class='ocr_line' id='line_1_80' title="bbox 1947 1843 3436 1917; baseline 0 -18"><span class='ocrx_word' id='word_1_474' title='bbox 1947 1845 2228 1917; x_wconf 88' lang='lat' dir='ltr'><strong>Quemque</strong></span> <span class='ocrx_word' id='word_1_475' title='bbox 2253 1844 2389 1915; x_wconf 89' lang='lat' dir='ltr'><strong>tegit</strong></span> <span class='ocrx_word' id='word_1_476' title='bbox 2418 1843 2630 1899; x_wconf 89' lang='lat' dir='ltr'><strong>meritis</strong></span> <span class='ocrx_word' id='word_1_477' title='bbox 2650 1843 2920 1900; x_wconf 90' lang='lat' dir='ltr'><strong>absistens</strong></span> <span class='ocrx_word' id='word_1_478' title='bbox 2960 1844 3133 1917; x_wconf 85' lang='lat' dir='ltr'><strong>gloria</strong></span> <span class='ocrx_word' id='word_1_479' title='bbox 3162 1845 3436 1917; x_wconf 84' lang='lat' dir='ltr'><strong>pulchris,</strong></span> 
     </span>
    </p>
   </div>
   <div class='ocr_carea' id='block_1_81' title="bbox 1947 1931 3183 2004">
    <p class='ocr_par' dir='ltr' id='par_1_81' title="bbox 1947 1931 3183 2004">
     <span class='ocr_line' id='line_1_81' title="bbox 1947 1931 3183 2004; baseline -0.001 -16"><span class='ocrx_word' id='word_1_480' title='bbox 1947 1931 2162 1988; x_wconf 91' lang='lat' dir='ltr'><strong>Indicat</strong></span> <span class='ocrx_word' id='word_1_481' title='bbox 2185 1931 2415 2003; x_wconf 87' lang='lat' dir='ltr'><strong>egregiis</strong></span> <span class='ocrx_word' id='word_1_482' title='bbox 2445 1933 2729 1987; x_wconf 90' lang='lat' dir='ltr'><strong>illustrans</strong></span> <span class='ocrx_word' id='word_1_483' title='bbox 2764 1932 2935 2003; x_wconf 89' lang='lat' dir='ltr'><strong>gratia</strong></span> <span class='ocrx_word' id='word_1_484' title='bbox 2975 1934 3183 2004; x_wconf 86' lang='lat' dir='ltr'><strong>signis;</strong></span> 
     </span>
    </p>
   </div>
   <div class='ocr_carea' id='block_1_82' title="bbox 1946 2022 3440 2096">
    <p class='ocr_par' dir='ltr' id='par_1_82' title="bbox 1946 2022 3440 2096">
     <span class='ocr_line' id='line_1_82' title="bbox 1946 2022 3440 2096; baseline -0.001 -18"><span class='ocrx_word' id='word_1_485' title='bbox 1946 2023 2018 2079; x_wconf 90' lang='lat' dir='ltr'><strong>Et</strong></span> <span class='ocrx_word' id='word_1_486' title='bbox 2050 2038 2266 2095; x_wconf 89' lang='lat' dir='ltr'><strong>quaqua</strong></span> <span class='ocrx_word' id='word_1_487' title='bbox 2288 2024 2489 2077; x_wconf 89' lang='lat' dir='ltr'><strong>tulerat</strong></span> <span class='ocrx_word' id='word_1_488' title='bbox 2519 2022 2736 2077; x_wconf 87' lang='lat' dir='ltr'><strong>facilem</strong></span> <span class='ocrx_word' id='word_1_489' title='bbox 2768 2039 2863 2093; x_wconf 90' lang='lat' dir='ltr'><strong>per</strong></span> <span class='ocrx_word' id='word_1_490' title='bbox 2902 2024 3143 2095; x_wconf 87' lang='lat' dir='ltr'><strong>compita</strong></span> <span class='ocrx_word' id='word_1_491' title='bbox 3173 2040 3440 2096; x_wconf 87' lang='lat' dir='ltr'><strong>gressum,</strong></span> 
     </span>
    </p>
   </div>
   <div class='ocr_carea' id='block_1_83' title="bbox 1946 2110 3152 2182">
    <p class='ocr_par' dir='ltr' id='par_1_83' title="bbox 1946 2110 3152 2182">
     <span class='ocr_line' id='line_1_83' title="bbox 1946 2110 3152 2182; baseline -0.001 -15"><span class='ocrx_word' id='word_1_492' title='bbox 1946 2111 2188 2167; x_wconf 90' lang='lat' dir='ltr'><strong>Urbibus</strong></span> <span class='ocrx_word' id='word_1_493' title='bbox 2212 2118 2267 2166; x_wconf 90' lang='lat' dir='ltr'><strong>et</strong></span> <span class='ocrx_word' id='word_1_494' title='bbox 2295 2110 2436 2166; x_wconf 90' lang='lat' dir='ltr'><strong>vicis</strong></span> <span class='ocrx_word' id='word_1_495' title='bbox 2464 2111 2663 2182; x_wconf 89' lang='lat' dir='ltr'><strong>raptim</strong></span> <span class='ocrx_word' id='word_1_496' title='bbox 2697 2110 3009 2181; x_wconf 85' lang='lat' dir='ltr'><strong>promiscua</strong></span> <span class='ocrx_word' id='word_1_497' title='bbox 3036 2126 3152 2166; x_wconf 90' lang='lat' dir='ltr'><strong>sese</strong></span> 
     </span>
    </p>
   </div>
   <div class='ocr_carea' id='block_1_84' title="bbox 1949 2200 3233 2271">
    <p class='ocr_par' dir='ltr' id='par_1_84' title="bbox 1949 2200 3233 2271">
     <span class='ocr_line' id='line_1_84' title="bbox 1949 2200 3233 2271; baseline 0 -15"><span class='ocrx_word' id='word_1_498' title='bbox 1949 2200 2126 2257; x_wconf 89' lang='lat' dir='ltr'><strong>Obvia</strong></span> <span class='ocrx_word' id='word_1_499' title='bbox 2156 2200 2318 2254; x_wconf 88' lang='lat' dir='ltr'><strong>turba</strong></span> <span class='ocrx_word' id='word_1_500' title='bbox 2346 2200 2530 2267; x_wconf 88' lang='lat' dir='ltr'><strong>dabat,</strong></span> <span class='ocrx_word' id='word_1_501' title='bbox 2563 2200 2841 2271; x_wconf 68' lang='lat' dir='ltr'><strong>praeclaris</strong></span> <span class='ocrx_word' id='word_1_502' title='bbox 2873 2200 3021 2256; x_wconf 85' lang='lat' dir='ltr'><strong>exita</strong></span> <span class='ocrx_word' id='word_1_503' title='bbox 3052 2200 3233 2268; x_wconf 89' lang='lat' dir='ltr'><strong>factis,</strong></span> 
     </span>
    </p>
   </div>
   <div class='ocr_carea' id='block_1_85' title="bbox 1946 2288 3229 2361">
    <p class='ocr_par' dir='ltr' id='par_1_85' title="bbox 1946 2288 3229 2361">
     <span class='ocr_line' id='line_1_85' title="bbox 1946 2288 3229 2361; baseline -0.001 -16"><span class='ocrx_word' id='word_1_504' title='bbox 1946 2288 2020 2346; x_wconf 91' lang='lat' dir='ltr'><strong>Et</strong></span> <span class='ocrx_word' id='word_1_505' title='bbox 2047 2304 2363 2361; x_wconf 87' lang='lat' dir='ltr'><strong>quanquam</strong></span> <span class='ocrx_word' id='word_1_506' title='bbox 2394 2288 2566 2359; x_wconf 90' lang='lat' dir='ltr'><strong>longi,</strong></span> <span class='ocrx_word' id='word_1_507' title='bbox 2602 2288 2761 2342; x_wconf 87' lang='lat' dir='ltr'><strong>facile</strong></span> <span class='ocrx_word' id='word_1_508' title='bbox 2789 2304 2977 2343; x_wconf 90' lang='lat' dir='ltr'><strong>secura</strong></span> <span class='ocrx_word' id='word_1_509' title='bbox 3006 2288 3229 2345; x_wconf 87' lang='lat' dir='ltr'><strong>laboris.</strong></span> 
     </span>
    </p>
   </div>
   <div class='ocr_carea' id='block_1_86' title="bbox 2022 2374 3544 2448">
    <p class='ocr_par' dir='ltr' id='par_1_86' title="bbox 2022 2374 3544 2448">
     <span class='ocr_line' id='line_1_86' title="bbox 2022 2374 3544 2448; baseline 0.001 -17"><span class='ocrx_word' id='word_1_510' title='bbox 2022 2377 2144 2433; x_wconf 86' lang='grc'><strong>106.</strong></span> <span class='ocrx_word' id='word_1_511' title='bbox 2189 2376 2263 2430; x_wconf 90' lang='lat' dir='ltr'><strong>Te</strong></span> <span class='ocrx_word' id='word_1_512' title='bbox 2292 2390 2530 2448; x_wconf 89' lang='lat' dir='ltr'><strong>quoque,</strong></span> <span class='ocrx_word' id='word_1_513' title='bbox 2562 2374 2822 2432; x_wconf 85' lang='lat' dir='ltr'><strong>Caesareis</strong></span> <span class='ocrx_word' id='word_1_514' title='bbox 2859 2375 3043 2430; x_wconf 88' lang='lat' dir='ltr'><strong>fatalis</strong></span> <span class='ocrx_word' id='word_1_515' title='bbox 3063 2374 3084 2402; x_wconf 78' lang='lat'><strong><em>&quot;</em></strong></span> <span class='ocrx_word' id='word_1_516' title='bbox 3112 2375 3295 2432; x_wconf 85' lang='lat' dir='ltr'><strong>Alesia</strong></span> <span class='ocrx_word' id='word_1_517' title='bbox 3332 2379 3544 2447; x_wconf 82' lang='lat' dir='ltr'><strong>castris,</strong></span> 
     </span>
    </p>
   </div>
   <div class='ocr_carea' id='block_1_87' title="bbox 1950 2464 3475 2536">
    <p class='ocr_par' dir='ltr' id='par_1_87' title="bbox 1950 2464 3475 2536">
     <span class='ocr_line' id='line_1_87' title="bbox 1950 2464 3475 2536; baseline 0.001 -15"><span class='ocrx_word' id='word_1_518' title='bbox 1950 2465 2107 2521; x_wconf 89' lang='lat' dir='ltr'><strong>Haud</strong></span> <span class='ocrx_word' id='word_1_519' title='bbox 2123 2464 2249 2536; x_wconf 87' lang='lat' dir='ltr'><strong>jure</strong></span> <span class='ocrx_word' id='word_1_520' title='bbox 2283 2464 2580 2519; x_wconf 87' lang='lat' dir='ltr'><strong>ahnuerem</strong></span> <span class='ocrx_word' id='word_1_521' title='bbox 2610 2464 2835 2519; x_wconf 82' lang='lat' dir='ltr'><strong>calamis</strong></span> <span class='ocrx_word' id='word_1_522' title='bbox 2857 2465 3203 2520; x_wconf 90' lang='lat' dir='ltr'><strong>committere</strong></span> <span class='ocrx_word' id='word_1_523' title='bbox 3234 2467 3437 2522; x_wconf 90' lang='lat' dir='ltr'><strong>nostris</strong></span> <span class='ocrx_word' id='word_1_524' title='bbox 3461 2486 3475 2534; x_wconf 91' lang='lat'><strong>;</strong></span> 
     </span>
    </p>
   </div>
   <div class='ocr_carea' id='block_1_88' title="bbox 1947 2553 3473 2626">
    <p class='ocr_par' dir='ltr' id='par_1_88' title="bbox 1947 2553 3473 2626">
     <span class='ocr_line' id='line_1_88' title="bbox 1947 2553 3473 2626; baseline -0.001 -15"><span class='ocrx_word' id='word_1_525' title='bbox 1947 2555 2105 2622; x_wconf 71' lang='lat' dir='ltr'><strong>Quae,</strong></span> <span class='ocrx_word' id='word_1_526' title='bbox 2134 2553 2282 2626; x_wconf 93' lang='lat' dir='ltr'><strong>quod</strong></span> <span class='ocrx_word' id='word_1_527' title='bbox 2311 2553 2421 2607; x_wconf 79' lang='lat' dir='ltr'><strong>alas</strong></span> <span class='ocrx_word' id='word_1_528' title='bbox 2452 2553 2701 2625; x_wconf 87' lang='lat' dir='ltr'><strong>pr0prios</strong></span> <span class='ocrx_word' id='word_1_529' title='bbox 2731 2554 3033 2625; x_wconf 55' lang='lat' dir='ltr'><strong>praepingui</strong></span> <span class='ocrx_word' id='word_1_530' title='bbox 3062 2570 3197 2624; x_wconf 88' lang='lat' dir='ltr'><strong>pane</strong></span> <span class='ocrx_word' id='word_1_531' title='bbox 3226 2557 3473 2624; x_wconf 87' lang='lat' dir='ltr'><strong>colonos,</strong></span> 
     </span>
    </p>
   </div>
   <div class='ocr_carea' id='block_1_89' title="bbox 1946 2643 3255 2718">
    <p class='ocr_par' dir='ltr' id='par_1_89' title="bbox 1946 2643 3255 2718">
     <span class='ocr_line' id='line_1_89' title="bbox 1946 2643 3255 2718; baseline 0 -15"><span class='ocrx_word' id='word_1_532' title='bbox 1946 2646 2200 2703; x_wconf 85' lang='lat' dir='ltr'><strong>Nominis</strong></span> <span class='ocrx_word' id='word_1_533' title='bbox 2228 2644 2445 2716; x_wconf 77' lang='lat' dir='ltr'><strong>adjecta</strong></span> <span class='ocrx_word' id='word_1_534' title='bbox 2472 2643 2752 2717; x_wconf 89' lang='lat' dir='ltr'><strong>quondam</strong></span> <span class='ocrx_word' id='word_1_535' title='bbox 2785 2645 2996 2715; x_wconf 87' lang='lat' dir='ltr'><strong>signata</strong></span> <span class='ocrx_word' id='word_1_536' title='bbox 3025 2645 3255 2718; x_wconf 89' lang='lat' dir='ltr'><strong>putaris.</strong></span> 
     </span>
    </p>
   </div>
   <div class='ocr_carea' id='block_1_90' title="bbox 1947 2734 3267 2791">
    <p class='ocr_par' dir='ltr' id='par_1_90' title="bbox 1947 2734 3267 2791">
     <span class='ocr_line' id='line_1_90' title="bbox 1947 2734 3267 2791; baseline -0.002 0"><span class='ocrx_word' id='word_1_537' title='bbox 1947 2737 2021 2791; x_wconf 88' lang='lat' dir='ltr'><strong>Te</strong></span> <span class='ocrx_word' id='word_1_538' title='bbox 2052 2735 2188 2790; x_wconf 85' lang='lat' dir='ltr'><strong>ﬁnes</strong></span> <span class='ocrx_word' id='word_1_539' title='bbox 2222 2735 2440 2791; x_wconf 87' lang='lat' dir='ltr'><strong>Heduos</strong></span> <span class='ocrx_word' id='word_1_540' title='bbox 2468 2743 2522 2790; x_wconf 91' lang='lat' dir='ltr'><strong>et</strong></span> <span class='ocrx_word' id='word_1_541' title='bbox 2554 2734 2749 2789; x_wconf 88' lang='lat' dir='ltr'><strong>limina</strong></span> <span class='ocrx_word' id='word_1_542' title='bbox 2788 2750 3001 2789; x_wconf 89' lang='lat' dir='ltr'><strong>summa</strong></span> <span class='ocrx_word' id='word_1_543' title='bbox 3022 2741 3267 2791; x_wconf 89' lang='lat' dir='ltr'><strong>tuentem</strong></span> 
     </span>
    </p>
   </div>
   <div class='ocr_carea' id='block_1_91' title="bbox 1945 2826 3294 2898">
    <p class='ocr_par' dir='ltr' id='par_1_91' title="bbox 1945 2826 3294 2898">
     <span class='ocr_line' id='line_1_91' title="bbox 1945 2826 3294 2898; baseline -0.001 -15"><span class='ocrx_word' id='word_1_544' title='bbox 1945 2826 2245 2898; x_wconf 86' lang='lat' dir='ltr'><strong>Aggressus</strong></span> <span class='ocrx_word' id='word_1_545' title='bbox 2274 2826 2554 2898; x_wconf 87' lang='lat' dir='ltr'><strong>quondam</strong></span> <span class='ocrx_word' id='word_1_546' title='bbox 2593 2841 2740 2881; x_wconf 68' lang='lat' dir='ltr'><strong>saevo</strong></span> <span class='ocrx_word' id='word_1_547' title='bbox 2768 2827 3069 2881; x_wconf 88' lang='lat' dir='ltr'><strong>certamine</strong></span> <span class='ocrx_word' id='word_1_548' title='bbox 3097 2826 3294 2895; x_wconf 84' lang='lat' dir='ltr'><strong>Caesar,</strong></span> 
     </span>
    </p>
   </div>
   <div class='ocr_carea' id='block_1_92' title="bbox 1945 2916 3346 2987">
    <p class='ocr_par' dir='ltr' id='par_1_92' title="bbox 1945 2916 3346 2987">
     <span class='ocr_line' id='line_1_92' title="bbox 1945 2916 3346 2987; baseline -0.001 -15"><span class='ocrx_word' id='word_1_549' title='bbox 1945 2916 2088 2972; x_wconf 89' lang='lat' dir='ltr'><strong>Pene</strong></span> <span class='ocrx_word' id='word_1_550' title='bbox 2116 2916 2246 2971; x_wconf 85' lang='lat' dir='ltr'><strong>tulit</strong></span> <span class='ocrx_word' id='word_1_551' title='bbox 2276 2916 2458 2972; x_wconf 88' lang='lat' dir='ltr'><strong>Latias</strong></span> <span class='ocrx_word' id='word_1_552' title='bbox 2489 2932 2602 2970; x_wconf 89' lang='lat' dir='ltr'><strong>non</strong></span> <span class='ocrx_word' id='word_1_553' title='bbox 2640 2932 2795 2987; x_wconf 77' lang='lat' dir='ltr'><strong>aequo</strong></span> <span class='ocrx_word' id='word_1_554' title='bbox 2824 2916 2997 2971; x_wconf 90' lang='lat' dir='ltr'><strong>Marte</strong></span> <span class='ocrx_word' id='word_1_555' title='bbox 3030 2916 3346 2987; x_wconf 82' lang='lat' dir='ltr'><strong>phalangas,</strong></span> 
     </span>
    </p>
   </div>
   <div class='ocr_carea' id='block_1_93' title="bbox 1944 3004 3368 3078">
    <p class='ocr_par' dir='ltr' id='par_1_93' title="bbox 1944 3004 3368 3078">
     <span class='ocr_line' id='line_1_93' title="bbox 1944 3004 3368 3078; baseline 0.001 -17"><span class='ocrx_word' id='word_1_556' title='bbox 1944 3007 2237 3078; x_wconf 88' lang='lat' dir='ltr'><strong>Expertus,</strong></span> <span class='ocrx_word' id='word_1_557' title='bbox 2274 3006 2467 3077; x_wconf 88' lang='lat' dir='ltr'><strong>patriis</strong></span> <span class='ocrx_word' id='word_1_558' title='bbox 2492 3004 2625 3076; x_wconf 88' lang='lat' dir='ltr'><strong>quid</strong></span> <span class='ocrx_word' id='word_1_559' title='bbox 2656 3004 2833 3060; x_wconf 89' lang='lat' dir='ltr'><strong>Gallia</strong></span> <span class='ocrx_word' id='word_1_560' title='bbox 2863 3012 3045 3076; x_wconf 91' lang='lat' dir='ltr'><strong>posset</strong></span> <span class='ocrx_word' id='word_1_561' title='bbox 3082 3005 3141 3059; x_wconf 92' lang='lat' dir='ltr'><strong>in</strong></span> <span class='ocrx_word' id='word_1_562' title='bbox 3170 3005 3368 3062; x_wconf 89' lang='lat' dir='ltr'><strong>armis:</strong></span> 
     </span>
    </p>
   </div>
   <div class='ocr_carea' id='block_1_94' title="bbox 1941 3093 3297 3163">
    <p class='ocr_par' dir='ltr' id='par_1_94' title="bbox 1941 3093 3297 3163">
     <span class='ocr_line' id='line_1_94' title="bbox 1941 3093 3297 3163; baseline -0.002 -12"><span class='ocrx_word' id='word_1_563' title='bbox 1941 3096 2100 3152; x_wconf 86' lang='lat' dir='ltr'><strong>Nunc</strong></span> <span class='ocrx_word' id='word_1_564' title='bbox 2129 3102 2337 3150; x_wconf 89' lang='lat' dir='ltr'><strong>restant</strong></span> <span class='ocrx_word' id='word_1_565' title='bbox 2367 3094 2568 3151; x_wconf 90' lang='lat' dir='ltr'><strong>veteris</strong></span> <span class='ocrx_word' id='word_1_566' title='bbox 2600 3100 2817 3149; x_wconf 90' lang='lat' dir='ltr'><strong>tantum</strong></span> <span class='ocrx_word' id='word_1_567' title='bbox 2848 3093 3081 3163; x_wconf 89' lang='lat' dir='ltr'><strong>vestigia</strong></span> <span class='ocrx_word' id='word_1_568' title='bbox 3111 3094 3297 3149; x_wconf 91' lang='lat' dir='ltr'><strong>castri.</strong></span> 
     </span>
    </p>
   </div>
   <div class='ocr_carea' id='block_1_95' title="bbox 1943 3167 3387 3259">
    <p class='ocr_par' dir='ltr' id='par_1_95' title="bbox 1943 3167 3387 3259">
     <span class='ocr_line' id='line_1_95' title="bbox 1943 3167 3387 3259; baseline -0.005 -17"><span class='ocrx_word' id='word_1_569' title='bbox 1943 3187 2237 3259; x_wconf 87' lang='lat' dir='ltr'><strong>Presbyter</strong></span> <span class='ocrx_word' id='word_1_570' title='bbox 2265 3185 2552 3240; x_wconf 87' lang='lat' dir='ltr'><strong>exstiterat</strong></span> <span class='ocrx_word' id='word_1_571' title='bbox 2577 3182 2740 3237; x_wconf 88' lang='lat' dir='ltr'><strong>claris</strong></span> <span class='ocrx_word' id='word_1_572' title='bbox 2782 3181 3057 3235; x_wconf 87' lang='lat' dir='ltr'><strong>natalibus</strong></span> <span class='ocrx_word' id='word_1_573' title='bbox 3087 3181 3223 3248; x_wconf 89' lang='lat' dir='ltr'><strong>illic,</strong></span> <span class='ocrx_word' id='word_1_574' title='bbox 3378 3167 3387 3175; x_wconf 62' lang='grc'><em>’</em></span> 
     </span>
    </p>
   </div>
   <div class='ocr_carea' id='block_1_96' title="bbox 1946 3269 3195 3344">
    <p class='ocr_par' dir='ltr' id='par_1_96' title="bbox 1946 3269 3195 3344">
     <span class='ocr_line' id='line_1_96' title="bbox 1946 3269 3195 3344; baseline -0.005 -13"><span class='ocrx_word' id='word_1_575' title='bbox 1946 3275 2157 3332; x_wconf 90' lang='lat' dir='ltr'><strong>Clarior</strong></span> <span class='ocrx_word' id='word_1_576' title='bbox 2186 3274 2428 3344; x_wconf 85' lang='lat' dir='ltr'><strong>ingenio,</strong></span> <span class='ocrx_word' id='word_1_577' title='bbox 2457 3272 2549 3328; x_wconf 91' lang='lat' dir='ltr'><strong>cui</strong></span> <span class='ocrx_word' id='word_1_578' title='bbox 2583 3277 2702 3325; x_wconf 91' lang='lat' dir='ltr'><strong>tum</strong></span> <span class='ocrx_word' id='word_1_579' title='bbox 2734 3269 2938 3341; x_wconf 86' lang='lat' dir='ltr'><strong>gentile</strong></span> <span class='ocrx_word' id='word_1_580' title='bbox 2964 3269 3195 3325; x_wconf 89' lang='lat' dir='ltr'><strong>Senator</strong></span> 
     </span>
    </p>
   </div>
   <div class='ocr_carea' id='block_1_97' title="bbox 1944 3358 3365 3432">
    <p class='ocr_par' dir='ltr' id='par_1_97' title="bbox 1944 3358 3365 3432">
     <span class='ocr_line' id='line_1_97' title="bbox 1944 3358 3365 3432; baseline -0.004 -12"><span class='ocrx_word' id='word_1_581' title='bbox 1944 3365 2155 3420; x_wconf 81' lang='lat' dir='ltr'><strong>Nomen</strong></span> <span class='ocrx_word' id='word_1_582' title='bbox 2184 3371 2317 3418; x_wconf 89' lang='lat' dir='ltr'><strong>erat.</strong></span> <span class='ocrx_word' id='word_1_583' title='bbox 2352 3363 2481 3419; x_wconf 88' lang='lat' dir='ltr'><strong>Vita</strong></span> <span class='ocrx_word' id='word_1_584' title='bbox 2509 3360 2813 3432; x_wconf 89' lang='lat' dir='ltr'><strong>meritoque</strong></span> <span class='ocrx_word' id='word_1_585' title='bbox 2849 3359 3136 3414; x_wconf 89' lang='lat' dir='ltr'><strong>simillima</strong></span> <span class='ocrx_word' id='word_1_586' title='bbox 3162 3358 3365 3432; x_wconf 78' lang='lat' dir='ltr'><strong>conjux</strong></span> 
     </span>
    </p>
   </div>
   <div class='ocr_carea' id='block_1_98' title="bbox 1947 3448 3113 3526">
    <p class='ocr_par' dir='ltr' id='par_1_98' title="bbox 1947 3448 3113 3526">
     <span class='ocr_line' id='line_1_98' title="bbox 1947 3448 3113 3526; baseline -0.004 -16"><span class='ocrx_word' id='word_1_587' title='bbox 1947 3454 2220 3526; x_wconf 72' lang='lat' dir='ltr'><strong>1Equahat</strong></span> <span class='ocrx_word' id='word_1_588' title='bbox 2249 3451 2447 3508; x_wconf 88' lang='lat' dir='ltr'><strong>studiis</strong></span> <span class='ocrx_word' id='word_1_589' title='bbox 2468 3451 2604 3507; x_wconf 91' lang='lat' dir='ltr'><strong>casti</strong></span> <span class='ocrx_word' id='word_1_590' title='bbox 2648 3450 2866 3506; x_wconf 87' lang='lat' dir='ltr'><strong>decreta</strong></span> <span class='ocrx_word' id='word_1_591' title='bbox 2888 3448 3113 3521; x_wconf 89' lang='lat' dir='ltr'><strong>jugalis.</strong></span> 
     </span>
    </p>
   </div>
   <div class='ocr_carea' id='block_1_99' title="bbox 1946 3536 3217 3613">
    <p class='ocr_par' dir='ltr' id='par_1_99' title="bbox 1946 3536 3217 3613">
     <span class='ocr_line' id='line_1_99' title="bbox 1946 3536 3217 3613; baseline -0.002 -16"><span class='ocrx_word' id='word_1_592' title='bbox 1946 3542 2124 3597; x_wconf 81' lang='lat' dir='ltr'><strong>Ambo</strong></span> <span class='ocrx_word' id='word_1_593' title='bbox 2160 3540 2425 3613; x_wconf 85' lang='lat' dir='ltr'><strong>provecti,</strong></span> <span class='ocrx_word' id='word_1_594' title='bbox 2460 3539 2622 3595; x_wconf 88' lang='lat' dir='ltr'><strong>macti</strong></span> <span class='ocrx_word' id='word_1_595' title='bbox 2653 3538 2995 3595; x_wconf 89' lang='lat' dir='ltr'><strong>successibus</strong></span> <span class='ocrx_word' id='word_1_596' title='bbox 3033 3536 3217 3594; x_wconf 89' lang='lat' dir='ltr'><strong>ambo.</strong></span> 
     </span>
    </p>
   </div>
   <div class='ocr_carea' id='block_1_100' title="bbox 2019 3627 3547 3701">
    <p class='ocr_par' dir='ltr' id='par_1_100' title="bbox 2019 3627 3547 3701">
     <span class='ocr_line' id='line_1_100' title="bbox 2019 3627 3547 3701; baseline -0.003 -14"><span class='ocrx_word' id='word_1_597' title='bbox 2019 3632 2141 3687; x_wconf 84' lang='grc'><strong>107.</strong></span> <span class='ocrx_word' id='word_1_598' title='bbox 2176 3631 2273 3685; x_wconf 88' lang='lat' dir='ltr'><strong>His</strong></span> <span class='ocrx_word' id='word_1_599' title='bbox 2302 3629 2496 3701; x_wconf 69' lang='lat' dir='ltr'><strong>praesul</strong></span> <span class='ocrx_word' id='word_1_600' title='bbox 2528 3629 2722 3698; x_wconf 89' lang='lat' dir='ltr'><strong>sancti,</strong></span> <span class='ocrx_word' id='word_1_601' title='bbox 2747 3628 2840 3701; x_wconf 89' lang='lat' dir='ltr'><strong>qui</strong></span> <span class='ocrx_word' id='word_1_602' title='bbox 2871 3627 3309 3697; x_wconf 88' lang='lat' dir='ltr'><strong>commendatur,</strong></span> <span class='ocrx_word' id='word_1_603' title='bbox 3342 3627 3547 3683; x_wconf 89' lang='lat' dir='ltr'><strong>amoris</strong></span> 
     </span>
    </p>
   </div>
   <div class='ocr_carea' id='block_1_101' title="bbox 1947 3718 3471 3792">
    <p class='ocr_par' dir='ltr' id='par_1_101' title="bbox 1947 3718 3471 3792">
     <span class='ocr_line' id='line_1_101' title="bbox 1947 3718 3471 3792; baseline -0.003 -15"><span class='ocrx_word' id='word_1_604' title='bbox 1947 3721 2169 3777; x_wconf 74' lang='lat' dir='ltr'><strong>Foedera</strong></span> <span class='ocrx_word' id='word_1_605' title='bbox 2192 3719 2420 3792; x_wconf 90' lang='lat' dir='ltr'><strong>junctus</strong></span> <span class='ocrx_word' id='word_1_606' title='bbox 2448 3725 2581 3774; x_wconf 91' lang='lat' dir='ltr'><strong>erat.</strong></span> <span class='ocrx_word' id='word_1_607' title='bbox 2618 3718 2728 3774; x_wconf 84' lang='lat' dir='ltr'><strong>Hos</strong></span> <span class='ocrx_word' id='word_1_608' title='bbox 2756 3727 2871 3774; x_wconf 91' lang='lat' dir='ltr'><strong>tum</strong></span> <span class='ocrx_word' id='word_1_609' title='bbox 2903 3734 3029 3774; x_wconf 90' lang='lat' dir='ltr'><strong>cum</strong></span> <span class='ocrx_word' id='word_1_610' title='bbox 3060 3718 3200 3774; x_wconf 87' lang='lat' dir='ltr'><strong>forte</strong></span> <span class='ocrx_word' id='word_1_611' title='bbox 3228 3718 3471 3790; x_wconf 88' lang='lat' dir='ltr'><strong>petisset,</strong></span> 
     </span>
    </p>
   </div>
   <div class='ocr_carea' id='block_1_102' title="bbox 1944 3809 3223 3884">
    <p class='ocr_par' dir='ltr' id='par_1_102' title="bbox 1944 3809 3223 3884">
     <span class='ocr_line' id='line_1_102' title="bbox 1944 3809 3223 3884; baseline 0 -18"><span class='ocrx_word' id='word_1_612' title='bbox 1944 3812 2268 3884; x_wconf 79' lang='lat' dir='ltr'><strong>Excipiunt,</strong></span> <span class='ocrx_word' id='word_1_613' title='bbox 2300 3817 2507 3882; x_wconf 90' lang='lat' dir='ltr'><strong>quanto</strong></span> <span class='ocrx_word' id='word_1_614' title='bbox 2532 3810 2809 3864; x_wconf 88' lang='lat' dir='ltr'><strong>consensit</strong></span> <span class='ocrx_word' id='word_1_615' title='bbox 2839 3809 3016 3880; x_wconf 90' lang='lat' dir='ltr'><strong>copia,</strong></span> <span class='ocrx_word' id='word_1_616' title='bbox 3049 3809 3223 3866; x_wconf 91' lang='lat' dir='ltr'><strong>cultu.</strong></span> 
     </span>
    </p>
   </div>
   <div class='ocr_carea' id='block_1_103' title="bbox 1947 3897 3436 3973">
    <p class='ocr_par' dir='ltr' id='par_1_103' title="bbox 1947 3897 3436 3973">
     <span class='ocr_line' id='line_1_103' title="bbox 1947 3897 3436 3973; baseline -0.001 -19"><span class='ocrx_word' id='word_1_617' title='bbox 1947 3900 2049 3957; x_wconf 90' lang='lat' dir='ltr'><strong>llic</strong></span> <span class='ocrx_word' id='word_1_618' title='bbox 2079 3911 2326 3957; x_wconf 88' lang='lat' dir='ltr'><strong>matrona</strong></span> <span class='ocrx_word' id='word_1_619' title='bbox 2352 3900 2498 3973; x_wconf 89' lang='lat' dir='ltr'><strong>piam</strong></span> <span class='ocrx_word' id='word_1_620' title='bbox 2527 3897 2734 3955; x_wconf 84' lang='lat' dir='ltr'><strong>struxit</strong></span> <span class='ocrx_word' id='word_1_621' title='bbox 2771 3897 2874 3955; x_wconf 88' lang='lat' dir='ltr'><strong>sub</strong></span> <span class='ocrx_word' id='word_1_622' title='bbox 2906 3900 3138 3969; x_wconf 66' lang='lat' dir='ltr'><strong>praesule</strong></span> <span class='ocrx_word' id='word_1_623' title='bbox 3167 3898 3436 3968; x_wconf 89' lang='lat' dir='ltr'><strong>fraudem,</strong></span> 
     </span>
    </p>
   </div>
   <div class='ocr_carea' id='block_1_104' title="bbox 1944 3987 3337 4063">
    <p class='ocr_par' dir='ltr' id='par_1_104' title="bbox 1944 3987 3337 4063">
     <span class='ocr_line' id='line_1_104' title="bbox 1944 3987 3337 4063; baseline 0 -19"><span class='ocrx_word' id='word_1_624' title='bbox 1944 3988 2216 4046; x_wconf 89' lang='lat' dir='ltr'><strong>Stramine</strong></span> <span class='ocrx_word' id='word_1_625' title='bbox 2240 3989 2522 4062; x_wconf 86' lang='lat' dir='ltr'><strong>subjecto;</strong></span> <span class='ocrx_word' id='word_1_626' title='bbox 2556 4005 2665 4063; x_wconf 90' lang='lat' dir='ltr'><strong>quo</strong></span> <span class='ocrx_word' id='word_1_627' title='bbox 2696 3988 2917 4045; x_wconf 90' lang='lat' dir='ltr'><strong>nescius</strong></span> <span class='ocrx_word' id='word_1_628' title='bbox 2964 3987 3297 4045; x_wconf 86' lang='lat' dir='ltr'><strong>incubitavit</strong></span> <span class='ocrx_word' id='word_1_629' title='bbox 3323 4005 3337 4057; x_wconf 93' lang='lat'><strong>;</strong></span> 
     </span>
    </p>
   </div>
   <div class='ocr_carea' id='block_1_105' title="bbox 1946 4086 3121 4157">
    <p class='ocr_par' dir='ltr' id='par_1_105' title="bbox 1946 4086 3121 4157">
     <span class='ocr_line' id='line_1_105' title="bbox 1946 4086 3121 4157; baseline 0.001 -17"><span class='ocrx_word' id='word_1_630' title='bbox 1946 4086 2183 4141; x_wconf 87' lang='lat' dir='ltr'><strong>Telluris</strong></span> <span class='ocrx_word' id='word_1_631' title='bbox 2212 4088 2407 4141; x_wconf 90' lang='lat' dir='ltr'><strong>solitus</strong></span> <span class='ocrx_word' id='word_1_632' title='bbox 2435 4086 2572 4141; x_wconf 90' lang='lat' dir='ltr'><strong>alias</strong></span> <span class='ocrx_word' id='word_1_633' title='bbox 2596 4086 2918 4143; x_wconf 88' lang='lat' dir='ltr'><strong>incumbere</strong></span> <span class='ocrx_word' id='word_1_634' title='bbox 2947 4093 3121 4157; x_wconf 89' lang='lat' dir='ltr'><strong>tergo.</strong></span> 
     </span>
    </p>
   </div>
   <div class='ocr_carea' id='block_1_106' title="bbox 1948 4173 3262 4246">
    <p class='ocr_par' dir='ltr' id='par_1_106' title="bbox 1948 4173 3262 4246">
     <span class='ocr_line' id='line_1_106' title="bbox 1948 4173 3262 4246; baseline -0.002 -16"><span class='ocrx_word' id='word_1_635' title='bbox 1948 4176 2173 4246; x_wconf 91' lang='lat' dir='ltr'><strong>Impulit</strong></span> <span class='ocrx_word' id='word_1_636' title='bbox 2202 4180 2371 4245; x_wconf 87' lang='lat' dir='ltr'><strong>utque</strong></span> <span class='ocrx_word' id='word_1_637' title='bbox 2399 4189 2543 4226; x_wconf 89' lang='lat' dir='ltr'><strong>novo</strong></span> <span class='ocrx_word' id='word_1_638' title='bbox 2576 4179 2750 4229; x_wconf 87' lang='lat' dir='ltr'><strong>terras</strong></span> <span class='ocrx_word' id='word_1_639' title='bbox 2778 4173 3054 4229; x_wconf 84' lang='lat' dir='ltr'><strong>aﬂlamine</strong></span> <span class='ocrx_word' id='word_1_640' title='bbox 3082 4174 3262 4240; x_wconf 88' lang='lat' dir='ltr'><strong>Titan,</strong></span> 
     </span>
    </p>
   </div>
   <div class='ocr_carea' id='block_1_107' title="bbox 1947 4260 3539 4337">
    <p class='ocr_par' dir='ltr' id='par_1_107' title="bbox 1947 4260 3539 4337">
     <span class='ocr_line' id='line_1_107' title="bbox 1947 4260 3539 4337; baseline -0.004 -17"><span class='ocrx_word' id='word_1_641' title='bbox 1947 4265 2109 4337; x_wconf 82' lang='lat' dir='ltr'><strong>Urget</strong></span> <span class='ocrx_word' id='word_1_642' title='bbox 2135 4264 2270 4330; x_wconf 91' lang='lat' dir='ltr'><strong>iter;</strong></span> <span class='ocrx_word' id='word_1_643' title='bbox 2305 4262 2609 4334; x_wconf 89' lang='lat' dir='ltr'><strong>gaudetque</strong></span> <span class='ocrx_word' id='word_1_644' title='bbox 2638 4260 2860 4327; x_wconf 87' lang='lat' dir='ltr'><strong>domus,</strong></span> <span class='ocrx_word' id='word_1_645' title='bbox 2907 4261 3251 4330; x_wconf 89' lang='lat' dir='ltr'><strong>gaudentque</strong></span> <span class='ocrx_word' id='word_1_646' title='bbox 3280 4261 3539 4329; x_wconf 80' lang='lat' dir='ltr'><strong>ministri,</strong></span> 
     </span>
    </p>
   </div>
   <div class='ocr_carea' id='block_1_108' title="bbox 1946 4347 3071 4410">
    <p class='ocr_par' dir='ltr' id='par_1_108' title="bbox 1946 4347 3071 4410">
     <span class='ocr_line' id='line_1_108' title="bbox 1946 4347 3071 4410; baseline -0.006 0"><span class='ocrx_word' id='word_1_647' title='bbox 1946 4355 2071 4410; x_wconf 81' lang='lat' dir='ltr'><strong>Sese</strong></span> <span class='ocrx_word' id='word_1_648' title='bbox 2100 4353 2402 4409; x_wconf 88' lang='lat' dir='ltr'><strong>illustratos</strong></span> <span class='ocrx_word' id='word_1_649' title='bbox 2430 4349 2549 4406; x_wconf 91' lang='lat' dir='ltr'><strong>noti</strong></span> <span class='ocrx_word' id='word_1_650' title='bbox 2580 4348 2846 4405; x_wconf 91' lang='lat' dir='ltr'><strong>solamine</strong></span> <span class='ocrx_word' id='word_1_651' title='bbox 2876 4347 3071 4403; x_wconf 88' lang='lat' dir='ltr'><strong>Patris.</strong></span> 
     </span>
    </p>
   </div>
   <div class='ocr_carea' id='block_1_109' title="bbox 1950 4426 3229 4516">
    <p class='ocr_par' dir='ltr' id='par_1_109' title="bbox 1950 4426 3229 4516">
     <span class='ocr_line' id='line_1_109' title="bbox 1950 4426 3229 4516; baseline -0.008 -16"><span class='ocrx_word' id='word_1_652' title='bbox 1950 4445 2248 4516; x_wconf 74' lang='lat' dir='ltr'><strong>llelliquias</strong></span> <span class='ocrx_word' id='word_1_653' title='bbox 2276 4450 2528 4498; x_wconf 88' lang='lat' dir='ltr'><strong>matrona</strong></span> <span class='ocrx_word' id='word_1_654' title='bbox 2555 4448 2678 4496; x_wconf 90' lang='lat' dir='ltr'><strong>toro</strong></span> <span class='ocrx_word' id='word_1_655' title='bbox 2712 4426 2960 4509; x_wconf 77' lang='lat' dir='ltr'><strong>collegit,</strong></span> <span class='ocrx_word' id='word_1_656' title='bbox 2993 4443 3048 4493; x_wconf 89' lang='lat' dir='ltr'><strong>et</strong></span> <span class='ocrx_word' id='word_1_657' title='bbox 3074 4434 3229 4491; x_wconf 91' lang='lat' dir='ltr'><strong>omni</strong></span> 
     </span>
    </p>
   </div>
   <div class='ocr_carea' id='block_1_110' title="bbox 1861 4516 3278 4607">
    <p class='ocr_par' dir='ltr' id='par_1_110' title="bbox 1861 4516 3278 4607">
     <span class='ocr_line' id='line_1_110' title="bbox 1861 4516 3278 4607; baseline -0.008 -15"><span class='ocrx_word' id='word_1_658' title='bbox 1861 4516 1907 4573; x_wconf 71' lang='grc' dir='ltr'><strong>Ῐ)</strong></span> <span class='ocrx_word' id='word_1_659' title='bbox 1944 4534 2285 4607; x_wconf 89' lang='lat' dir='ltr'><strong>Compositas</strong></span> <span class='ocrx_word' id='word_1_660' title='bbox 2313 4530 2516 4597; x_wconf 90' lang='lat' dir='ltr'><strong>studio,</strong></span> <span class='ocrx_word' id='word_1_661' title='bbox 2549 4529 2727 4584; x_wconf 89' lang='lat' dir='ltr'><strong>causis</strong></span> <span class='ocrx_word' id='word_1_662' title='bbox 2755 4526 3023 4583; x_wconf 88' lang='lat' dir='ltr'><strong>vitalibus</strong></span> <span class='ocrx_word' id='word_1_663' title='bbox 3054 4539 3076 4564; x_wconf 77' lang='grc' dir='ltr'><strong><em>ο</em></strong></span> <span class='ocrx_word' id='word_1_664' title='bbox 3105 4524 3278 4581; x_wconf 88' lang='lat' dir='ltr'><strong>abdit.</strong></span> 
     </span>
    </p>
   </div>
   <div class='ocr_carea' id='block_1_111' title="bbox 1946 4614 3242 4693">
    <p class='ocr_par' dir='ltr' id='par_1_111' title="bbox 1946 4614 3242 4693">
     <span class='ocr_line' id='line_1_111' title="bbox 1946 4614 3242 4693; baseline -0.007 -14"><span class='ocrx_word' id='word_1_665' title='bbox 1946 4625 2071 4679; x_wconf 90' lang='lat' dir='ltr'><strong>Post</strong></span> <span class='ocrx_word' id='word_1_666' title='bbox 2098 4623 2241 4678; x_wconf 87' lang='lat' dir='ltr'><strong>soles</strong></span> <span class='ocrx_word' id='word_1_667' title='bbox 2273 4622 2505 4693; x_wconf 87' lang='lat' dir='ltr'><strong>aliquot,</strong></span> <span class='ocrx_word' id='word_1_668' title='bbox 2539 4617 2707 4673; x_wconf 88' lang='lat' dir='ltr'><strong>natali</strong></span> <span class='ocrx_word' id='word_1_669' title='bbox 2739 4617 2988 4688; x_wconf 90' lang='lat' dir='ltr'><strong>lampade</strong></span> <span class='ocrx_word' id='word_1_670' title='bbox 3018 4614 3242 4688; x_wconf 86' lang='lat' dir='ltr'><strong>quidam</strong></span> 
     </span>
    </p>
   </div>
   <div class='ocr_carea' id='block_1_112' title="bbox 1944 4704 3338 4784">
    <p class='ocr_par' dir='ltr' id='par_1_112' title="bbox 1944 4704 3338 4784">
     <span class='ocr_line' id='line_1_112' title="bbox 1944 4704 3338 4784; baseline -0.004 -19"><span class='ocrx_word' id='word_1_671' title='bbox 1944 4712 2295 4784; x_wconf 73' lang='lat' dir='ltr'><strong>Splendidus,</strong></span> <span class='ocrx_word' id='word_1_672' title='bbox 2321 4717 2374 4765; x_wconf 90' lang='lat' dir='ltr'><strong>et</strong></span> <span class='ocrx_word' id='word_1_673' title='bbox 2397 4708 2570 4764; x_wconf 88' lang='lat' dir='ltr'><strong>multa</strong></span> <span class='ocrx_word' id='word_1_674' title='bbox 2598 4722 2781 4763; x_wconf 89' lang='lat' dir='ltr'><strong>rerum</strong></span> <span class='ocrx_word' id='word_1_675' title='bbox 2810 4705 3022 4763; x_wconf 90' lang='lat' dir='ltr'><strong>ditione</strong></span> <span class='ocrx_word' id='word_1_676' title='bbox 3051 4704 3338 4777; x_wconf 89' lang='lat' dir='ltr'><strong>superbus,</strong></span> 
     </span>
    </p>
   </div>
   <div class='ocr_carea' id='block_1_113' title="bbox 1946 4795 3329 4873">
    <p class='ocr_par' dir='ltr' id='par_1_113' title="bbox 1946 4795 3329 4873">
     <span class='ocr_line' id='line_1_113' title="bbox 1946 4795 3329 4873; baseline -0.007 -14"><span class='ocrx_word' id='word_1_677' title='bbox 1946 4806 2204 4859; x_wconf 63' lang='lat' dir='ltr'><strong>Haemone</strong></span> <span class='ocrx_word' id='word_1_678' title='bbox 2232 4801 2524 4873; x_wconf 89' lang='lat' dir='ltr'><strong>perﬂatur:</strong></span> <span class='ocrx_word' id='word_1_679' title='bbox 2559 4797 2822 4854; x_wconf 82' lang='lat' dir='ltr'><strong>suberant</strong></span> <span class='ocrx_word' id='word_1_680' title='bbox 2858 4795 3116 4869; x_wconf 67' lang='lat' dir='ltr'><strong>suffragia</strong></span> <span class='ocrx_word' id='word_1_681' title='bbox 3154 4795 3329 4864; x_wconf 91' lang='lat' dir='ltr'><strong>nulla,</strong></span> 
     </span>
    </p>
   </div>
   <div class='ocr_carea' id='block_1_114' title="bbox 1944 4884 3537 4965">
    <p class='ocr_par' dir='ltr' id='par_1_114' title="bbox 1944 4884 3537 4965">
     <span class='ocr_line' id='line_1_114' title="bbox 1944 4884 3537 4965; baseline -0.006 -16"><span class='ocrx_word' id='word_1_682' title='bbox 1944 4892 2209 4965; x_wconf 87' lang='lat' dir='ltr'><strong>Quodque</strong></span> <span class='ocrx_word' id='word_1_683' title='bbox 2238 4891 2432 4947; x_wconf 88' lang='lat' dir='ltr'><strong>absens</strong></span> <span class='ocrx_word' id='word_1_684' title='bbox 2453 4890 2760 4946; x_wconf 88' lang='lat' dir='ltr'><strong>Germanus</strong></span> <span class='ocrx_word' id='word_1_685' title='bbox 2782 4894 2916 4956; x_wconf 90' lang='lat' dir='ltr'><strong>erat,</strong></span> <span class='ocrx_word' id='word_1_686' title='bbox 2946 4902 3069 4959; x_wconf 90' lang='lat' dir='ltr'><strong>spes</strong></span> <span class='ocrx_word' id='word_1_687' title='bbox 3084 4893 3318 4944; x_wconf 89' lang='lat' dir='ltr'><strong>cesserat</strong></span> <span class='ocrx_word' id='word_1_688' title='bbox 3338 4884 3537 4941; x_wconf 81' lang='lat' dir='ltr'><strong>omnis.</strong></span> 
     </span>
    </p>
   </div>
   <div class='ocr_carea' id='block_1_115' title="bbox 1943 4976 3407 5054">
    <p class='ocr_par' dir='ltr' id='par_1_115' title="bbox 1943 4976 3407 5054">
     <span class='ocr_line' id='line_1_115' title="bbox 1943 4976 3407 5054; baseline -0.005 -18"><span class='ocrx_word' id='word_1_689' title='bbox 1943 4980 2298 5054; x_wconf 66' lang='lat' dir='ltr'><strong>l’rarsumpsit</strong></span> <span class='ocrx_word' id='word_1_690' title='bbox 2329 4988 2577 5036; x_wconf 89' lang='lat' dir='ltr'><strong>matrona</strong></span> <span class='ocrx_word' id='word_1_691' title='bbox 2607 4978 2794 5046; x_wconf 88' lang='lat' dir='ltr'><strong>ﬁdem,</strong></span> <span class='ocrx_word' id='word_1_692' title='bbox 2833 4976 3165 5049; x_wconf 88' lang='lat' dir='ltr'><strong>Christoque</strong></span> <span class='ocrx_word' id='word_1_693' title='bbox 3193 4982 3407 5041; x_wconf 85' lang='lat' dir='ltr'><strong>vocato,</strong></span> 
     </span>
    </p>
   </div>
   <div class='ocr_carea' id='block_1_116' title="bbox 1945 5056 3254 5137">
    <p class='ocr_par' dir='ltr' id='par_1_116' title="bbox 1945 5056 3254 5137">
     <span class='ocr_line' id='line_1_116' title="bbox 1945 5056 3254 5137; baseline -0.006 -11"><span class='ocrx_word' id='word_1_694' title='bbox 1945 5071 2170 5126; x_wconf 81' lang='lat' dir='ltr'><strong>Servato</strong></span> <span class='ocrx_word' id='word_1_695' title='bbox 2198 5068 2386 5127; x_wconf 89' lang='lat' dir='ltr'><strong>miseri</strong></span> <span class='ocrx_word' id='word_1_696' title='bbox 2406 5067 2714 5137; x_wconf 83' lang='lat' dir='ltr'><strong>circumdat</strong></span> <span class='ocrx_word' id='word_1_697' title='bbox 2741 5065 3005 5122; x_wconf 89' lang='lat' dir='ltr'><strong>stramine</strong></span> <span class='ocrx_word' id='word_1_698' title='bbox 3036 5056 3254 5136; x_wconf 88' lang='lat' dir='ltr'><strong>corpus.</strong></span> 
     </span>
    </p>
   </div>
   <div class='ocr_carea' id='block_1_117' title="bbox 1946 5155 3149 5227">
    <p class='ocr_par' dir='ltr' id='par_1_117' title="bbox 1946 5155 3149 5227">
     <span class='ocr_line' id='line_1_117' title="bbox 1946 5155 3149 5227; baseline -0.007 -10"><span class='ocrx_word' id='word_1_699' title='bbox 1946 5160 2202 5217; x_wconf 75' lang='lat' dir='ltr'><strong>Absentis</strong></span> <span class='ocrx_word' id='word_1_700' title='bbox 2236 5159 2450 5227; x_wconf 84' lang='lat' dir='ltr'><strong>merito,</strong></span> <span class='ocrx_word' id='word_1_701' title='bbox 2477 5158 2644 5216; x_wconf 91' lang='lat' dir='ltr'><strong>cessit</strong></span> <span class='ocrx_word' id='word_1_702' title='bbox 2683 5173 2769 5215; x_wconf 90' lang='lat' dir='ltr'><strong>res</strong></span> <span class='ocrx_word' id='word_1_703' title='bbox 2797 5155 2970 5212; x_wconf 91' lang='lat' dir='ltr'><strong>ardua</strong></span> <span class='ocrx_word' id='word_1_704' title='bbox 2998 5161 3149 5209; x_wconf 92' lang='lat' dir='ltr'><strong>voto.</strong></span> 
     </span>
    </p>
   </div>
   <div class='ocr_carea' id='block_1_118' title="bbox 2013 5266 3538 5331">
    <p class='ocr_par' dir='ltr' id='par_1_118' title="bbox 2013 5266 3538 5331">
     <span class='ocr_line' id='line_1_118' title="bbox 2013 5266 3538 5331; baseline -0.007 0"><span class='ocrx_word' id='word_1_705' title='bbox 2013 5275 2034 5303; x_wconf 82' lang='lat'><strong>&quot;</strong></span> <span class='ocrx_word' id='word_1_706' title='bbox 2072 5276 2150 5331; x_wconf 86' lang='lat' dir='ltr'><strong>De</strong></span> <span class='ocrx_word' id='word_1_707' title='bbox 2178 5274 2360 5330; x_wconf 87' lang='lat' dir='ltr'><strong>Alesia</strong></span> <span class='ocrx_word' id='word_1_708' title='bbox 2403 5274 2495 5328; x_wconf 84' lang='lat' dir='ltr'><strong>adi</strong></span> <span class='ocrx_word' id='word_1_709' title='bbox 2547 5271 2739 5329; x_wconf 80' lang='lat' dir='ltr'><strong>Valesii</strong></span> <span class='ocrx_word' id='word_1_710' title='bbox 2769 5270 3023 5326; x_wconf 85' lang='lat' dir='ltr'><strong>Notitiam</strong></span> <span class='ocrx_word' id='word_1_711' title='bbox 3071 5267 3375 5325; x_wconf 78' lang='lat' dir='ltr'><strong>Galliarum</strong></span> <span class='ocrx_word' id='word_1_712' title='bbox 3402 5286 3421 5331; x_wconf 94' lang='lat'><strong>;</strong></span> <span class='ocrx_word' id='word_1_713' title='bbox 3450 5266 3538 5321; x_wconf 85' lang='lat' dir='ltr'><strong>ubi</strong></span> 
     </span>
    </p>
   </div>
   <div class='ocr_carea' id='block_1_119' title="bbox 1944 5338 3543 5416">
    <p class='ocr_par' dir='ltr' id='par_1_119' title="bbox 1944 5338 3543 5416">
     <span class='ocr_line' id='line_1_119' title="bbox 1944 5338 3543 5416; baseline -0.008 -13"><span class='ocrx_word' id='word_1_714' title='bbox 1944 5366 2008 5403; x_wconf 73' lang='lat' dir='ltr'><strong>ea:</strong></span> <span class='ocrx_word' id='word_1_715' title='bbox 2037 5347 2272 5403; x_wconf 87' lang='lat' dir='ltr'><strong>Diodoro</strong></span> <span class='ocrx_word' id='word_1_716' title='bbox 2296 5346 2474 5402; x_wconf 85' lang='lat' dir='ltr'><strong>Siculo</strong></span> <span class='ocrx_word' id='word_1_717' title='bbox 2494 5344 2607 5413; x_wconf 82' lang='lat' dir='ltr'><strong>ejus</strong></span> <span class='ocrx_word' id='word_1_718' title='bbox 2634 5352 2837 5416; x_wconf 84' lang='lat' dir='ltr'><strong>etymon</strong></span> <span class='ocrx_word' id='word_1_719' title='bbox 2856 5342 2999 5397; x_wconf 85' lang='lat' dir='ltr'><strong>ducit</strong></span> <span class='ocrx_word' id='word_1_720' title='bbox 3018 5348 3121 5401; x_wconf 82' lang='grc' dir='ltr'><strong>ἀπὸ</strong></span> <span class='ocrx_word' id='word_1_721' title='bbox 3150 5352 3235 5406; x_wconf 76' lang='grc' dir='ltr'><strong>τῆς</strong></span> <span class='ocrx_word' id='word_1_722' title='bbox 3256 5344 3401 5410; x_wconf 80' lang='grc' dir='ltr'><strong>ἄλης,</strong></span> <span class='ocrx_word' id='word_1_723' title='bbox 3436 5338 3543 5393; x_wconf 80' lang='lat' dir='ltr'><strong>sive</strong></span> 
     </span>
    </p>
   </div>
   <div class='ocr_carea' id='block_1_120' title="bbox 1945 5419 3539 5484">
    <p class='ocr_par' dir='ltr' id='par_1_120' title="bbox 1945 5419 3539 5484">
     <span class='ocr_line' id='line_1_120' title="bbox 1945 5419 3539 5484; baseline -0.005 -2"><span class='ocrx_word' id='word_1_724' title='bbox 1945 5445 2127 5483; x_wconf 86' lang='lat' dir='ltr'><strong>errore</strong></span> <span class='ocrx_word' id='word_1_725' title='bbox 2176 5426 2437 5480; x_wconf 81' lang='lat' dir='ltr'><strong>Herculis.</strong></span> <span class='ocrx_word' id='word_1_726' title='bbox 2491 5424 2598 5478; x_wconf 86' lang='lat' dir='ltr'><strong>Adi</strong></span> <span class='ocrx_word' id='word_1_727' title='bbox 2647 5431 2695 5479; x_wconf 86' lang='lat' dir='ltr'><strong>et</strong></span> <span class='ocrx_word' id='word_1_728' title='bbox 2745 5423 2950 5478; x_wconf 77' lang='lat' dir='ltr'><strong>Iulium</strong></span> <span class='ocrx_word' id='word_1_729' title='bbox 2994 5422 3253 5478; x_wconf 79' lang='lat' dir='ltr'><strong>Cwsarem</strong></span> <span class='ocrx_word' id='word_1_730' title='bbox 3306 5420 3368 5475; x_wconf 80' lang='lat' dir='ltr'><strong>de</strong></span> <span class='ocrx_word' id='word_1_731' title='bbox 3408 5419 3539 5484; x_wconf 80' lang='lat' dir='ltr'><strong>bello</strong></span> 
     </span>
    </p>
   </div>
   <div class='ocr_carea' id='block_1_121' title="bbox 1951 5496 2825 5566">
    <p class='ocr_par' dir='ltr' id='par_1_121' title="bbox 1951 5496 2825 5566">
     <span class='ocr_line' id='line_1_121' title="bbox 1951 5496 2825 5566; baseline -0.009 -11"><span class='ocrx_word' id='word_1_732' title='bbox 1951 5499 2152 5555; x_wconf 72' lang='lat' dir='ltr'><strong>Gallico</strong></span> <span class='ocrx_word' id='word_1_733' title='bbox 2185 5497 2273 5552; x_wconf 84' lang='lat' dir='ltr'><strong>lib.</strong></span> <span class='ocrx_word' id='word_1_734' title='bbox 2309 5513 2409 5562; x_wconf 85' lang='lat' dir='ltr'><strong>vn,</strong></span> <span class='ocrx_word' id='word_1_735' title='bbox 2444 5511 2623 5549; x_wconf 83' lang='lat' dir='ltr'><strong>versus</strong></span> <span class='ocrx_word' id='word_1_736' title='bbox 2652 5496 2825 5566; x_wconf 84' lang='lat' dir='ltr'><strong>ﬁnem.</strong></span> 
     </span>
    </p>
   </div>
   <div class='ocr_carea' id='block_1_122' title="bbox 2018 5566 2863 5627">
    <p class='ocr_par' dir='ltr' id='par_1_122' title="bbox 2018 5566 2863 5627">
     <span class='ocr_line' id='line_1_122' title="bbox 2018 5566 2863 5627; baseline -0.006 -1"><span class='ocrx_word' id='word_1_737' title='bbox 2018 5578 2038 5605; x_wconf 79' lang='grc'>⁶</span> <span class='ocrx_word' id='word_1_738' title='bbox 2073 5569 2140 5627; x_wconf 85' lang='lat' dir='ltr'><strong>Id</strong></span> <span class='ocrx_word' id='word_1_739' title='bbox 2167 5574 2240 5624; x_wconf 83' lang='lat' dir='ltr'><strong>est</strong></span> <span class='ocrx_word' id='word_1_740' title='bbox 2260 5567 2545 5624; x_wconf 64' lang='lat' dir='ltr'><strong>medicinae.</strong></span> <span class='ocrx_word' id='word_1_741' title='bbox 2572 5566 2700 5623; x_wconf 87' lang='lat' dir='ltr'><strong>Not.</strong></span> <span class='ocrx_word' id='word_1_742' title='bbox 2734 5581 2863 5621; x_wconf 81' lang='lat' dir='ltr'><strong>mss.</strong></span> 
     </span>
    </p>
   </div>
  </div>
