4074 6186
560 200 694 261 1179
1567 206 1806 269 HERICI
1841 209 2160 273 MONACHI

2260 213 2857 276 NTISSIODORENSIS
3718 227 3745 283 1
3757 224 3869 285 180

554 352 724 409 Nocte
749 351 934 421 miser,
967 367 1166 425 magno
1188 361 1449 429 tanquam
1473 358 1710 415 vallatus
1747 361 1816 417 ab
1845 362 1980 434 igni,
2177 373 2227 433 Α
2849 370 3075 429 CAPUT
3139 371 3236 428 ΙΙΙ.

554 443 794 511 ίΕδῐιιειῐ,
823 451 876 500 et
906 444 1112 516 replico
1142 445 1474 504 Germanum
1506 451 1729 508 nomine
1759 453 2038 525 frendens,

2258 467 2524 526 Revelatio
2551 475 2727 526 sancto
2754 470 2898 541 facta
2926 471 2987 525 de
3015 468 3188 526 natali
3229 472 3400 526 sancti
3437 474 3650 530 Iuliani
3695 493 3865 534 mar-

552 534 846 607 Abripitur
875 537 1006 592 saevi
1042 538 1260 593 tandem
1292 538 1359 593 de
1385 538 1539 594 fauce
1571 539 1764 611 leonis,
2331 534 3014 626 tyrisnmoqauexped‘it‘ioin
3028 542 3373 600 Britanniam
3398 562 3412 612 ;
3435 545 3732 606 visitatus.
3769 549 3866 607 Ge-

553 624 618 680 ln
646 625 922 700 reliquum
953 643 1156 699 sospes,
1185 627 1386 684 collato
1417 645 1662 700 munere,
1697 639 1930 705 tempus.
2327 612 2518 683 nover“
2544 631 2566 679 ί
2591 615 2728 688 fel”:
2757 616 2979 671 νθίίιίαδο

628 709 749 765 108.
784 712 844 766 In
876 711 1265 783 Lugdunenses
1296 716 1468 787 aequis
1509 719 1853 788 processibus
1891 737 2045 778 arces
2256 733 2482 791 Nescius
2511 735 2811 792 immunem
2842 737 3058 794 sudoris
3089 736 3232 793 inire
3266 735 3528 810 quietem,

553 796 722 854 Vexit
749 798 906 868 Arar,
940 800 1206 858 Rhodano
1235 819 1350 858 sese
1373 805 1474 860 sub
1506 808 1778 864 moenibus
1802 809 2008 867 abdens
2255 824 2530 883 Arvernas
2559 829 2833 900 quondam
2864 830 3061 901 praesul
3097 844 3415 900 progressus
3447 828 3506 886 in
3536 845 3685 899 oras,

551 886 819 960 Lugduno
849 889 1125 946 celebrant
1157 891 1434 948 Gallorum
1465 894 1670 952 famine
1708 914 1907 956 nomen
2255 919 2318 974 In
2346 886 2722 976 Βι-ίνδιθξιεεω
2753 886 2908 976 ﬂexit
2941 886 3174 992 vestigia
3198 886 3406 976 vicum.

549 979 873 1050 Impositum
893 981 1190 1052 quondam,
1216 982 1361 1055 quod
1391 983 1464 1038 sit
1487 1001 1642 1042 mons
1680 988 1900 1045 lucidus
1935 990 2082 1048 idem
2106 1001 2143 1049 '.
2255 1008 2375 1078 Hic,
2411 1019 2621 1082 many;-
2656 1010 2891 1077 Juliane,
2934 1009 3033 1066 tibi
3071 979 3171 1082 pro
3200 1011 3426 1065 nomine
3455 1027 3676 1068 summo

546 1069 854 1142 Exceptum
885 1072 1083 1128 studiis
1114 1075 1298 1146 plebes
1331 1077 1684 1149 amplectitur
1710 1083 1910 1154 mquis:
2253 1069 2428 1156 Μίιίίθ,
2456 1069 2740 1173 ρωιῖειτιιω
2770 1069 3090 1157 truculento
3113 1108 3362 1172 tempore
3390 1117 3566 1173 passo,

547 1159 704 1216 JEtas
733 1168 931 1216 cuncta
961 1162 1072 1218 ruit
1096 1181 1107 1218 :
1143 1181 1307 1220 sexus
1335 1169 1616 1225 concurrit
1645 1178 1894 1244 uterque.
2253 1189 2410 1245 Haud
2441 1159 2666 1262 {inpune
2691 1189 2852 1246 bonis
2882 1205 3094 1262 semper
3122 1189 3332 1246 obnixa
3363 1199 3632 1260 vetustas,

548 1249 788 1322 Tangere
818 1266 919 1307 nec
949 1261 1160 1310 tantum
1188 1274 1201 1322 ;
1235 1255 1394 1328 juvat
1432 1259 1706 1331 aspexisse
1738 1263 2071 1337 frequenter.
2250 1281 2502 1337 Detraxit
2525 1249 2662 1338 belsi
2697 1282 2897 1354 passim
2937 1291 3296 1338 monumenta
3324 1283 3592 1355 triumphi
3620 1301 3632 1339 ε

544 1346 799 1404 Procedit
837 1351 1054 1406 cunctis
1090 1351 1402 1409 benedictio
1439 1357 1598 1426 plena
1639 1360 1868 1430 salutis;
2251 1374 2324 1427 Et
2348 1387 2660 1444 quanquam
2687 1346 2870 1428 clarus
2897 1372 3108 1427 famoso
3141 1371 3372 1428 nomine
3405 1381 3618 1445 martyr

545 1437 683 1493 Tum
709 1440 914 1495 relevat
938 1448 1090 1512 grato
1118 1450 1441 1500 cunctorum
1468 1456 1688 1517 pectora
1718 1451 1886 1509 verbo
1914 1472 1926 1519 ;
2251 1437 2395 1519 Solis
2422 1463 2492 1518 ab
2511 1437 2718 1520 occasu
2743 1461 2857 1534 jam
2891 1468 3009 1518 tum
3041 1462 3262 1518 ferreris
3300 1462 3359 1518 in
3389 1470 3569 1518 ortum
3600 1482 3614 1529 ;

542 1530 615 1589 Et
643 1548 953 1605 quanquam
985 1534 1216 1591 festinus
1243 1546 1347 1606 eat,
1389 1539 1636 1596 sitientia
1681 1552 1847 1614 certe,
2250 1557 2366 1614 Hoc
2394 1564 2539 1614 certe
2569 1530 2831 1630 quiddam
2864 1557 3044 1613 fueras
3074 1555 3363 1612 obscurior
3392 1555 3532 1629 ipso,

543 1620 701 1688 Quod
728 1621 858 1677 satis
885 1630 984 1690 est,
1025 1625 1231 1679 relevat
1262 1626 1440 1684 vivaci
1466 1630 1716 1702 dogmate
1737 1633 1922 1691 corda.
2249 1647 2473 1719 semper
2501 1620 2811 1704 honorandi
2845 1647 2989 1720 quod
3023 1647 3175 1720 plebs
3206 1647 3378 1703 oblita
3405 1620 3537 1717 diei,

613 1709 734 1808 10f).
757 1711 875 1766 Jam
907 1711 1114 1810 dudum
1147 1714 1404 1822 gravibus
1435 1734 1743 1791 quanquam
1776 1723 1971 1780 dilatio
1995 1725 2140 1782 votis
2172 1764 2215 1822 B
2249 1709 2405 1793 Haud
2437 1739 2543 1794 tibi
2572 1745 2718 1794 certa
2747 1709 2908 1794 dabat
2937 1709 3140 1794 celebri
3171 1737 3439 1793 solemnia
3474 1709 3610 1794 ritu.

540 1797 864 1868 Οδεείῐθΐᾶῑρ
898 1800 1005 1855 mir
1009 1818 1040 1857 0
1068 1803 1288 1858 tandem
1326 1815 1572 1876 raptatur
1599 1826 1784 1867 amore
2172 1797 2215 1822 υ
2245 1827 2367 1883 Non
2397 1829 2528 1884 tulit
2557 1845 2794 1884 errorem
2829 1829 3007 1901 longis
3038 1829 3337 1884 inolescere
3367 1827 3528 1885 seclis

538 1885 716 1942 Obvia
743 1888 1035 1959 Germano,
1071 1891 1208 1947 fusis
1241 1910 1564 1969 quacunque
1594 1901 1850 1971 catervis,
2248 1917 2551 1974 Germanus
2576 1919 2803 1974 veniens
2827 1937 2840 1987 ;
2872 1885 3224 1989 acaprimum,
3257 1926 3502 1989 tempore
3532 1933 3776 1991 quonam

537 1977 676 2034 Urbs
705 1979 914 2035 Arelas.
938 1981 1267 2040 Fundatoris
1298 1989 1624 2058 cognomine
1655 1993 1821 2062 primi
2246 2006 2407 2062 sacra
2437 2009 2616 2064 ferant
2644 1977 2855 2076 sancto,
2892 1977 3010 2063 fatu
3040 2007 3307 2081 perquirit
3335 2007 3537 2064 amico.

537 2065 653 2121 Hoc
676 2067 901 2123 duxisse
925 2069 1110 2126 ferunt
1138 2073 1348 2130 incerto
1380 2086 1624 2148 tempore
1655 2097 1855 2136 nomen
1881 2081 1923 2137 ".
2244 2096 2532 2152 [ndoctum
2567 2098 2767 2169 vulgus
2804 2114 2919 2154 sese
2949 2065 3168 2154 nescire:
3189 2097 3453 2153 fatentur.

535 2160 638 2217 Hic
667 2170 800 2219 tunc
828 2163 1092 2235 Hilarius,
1129 2166 1260 2224 hinc
1289 2187 1459 2244 usque
1488 2173 1555 2228 ad
1595 2176 1775 2233 sidera
1804 2185 1987 2247 notus,
2315 2185 2435 2240 111.
2478 2186 2617 2243 Tum
2649 2160 2826 2255 Pater,
2874 2189 2921 2243 E
2952 2185 3183 2243 summis
3213 2185 3549 2260 poscendum
3593 2186 3834 2254 sedibus,

533 2250 788 2309 Praesulis
816 2255 1059 2312 ofﬁcium
1093 2259 1366 2334 verboque
1412 2281 1686 2340 manuque
1726 2269 1944 2340 gerebat
1973 2287 1984 2325 :
2812 2250 2822 2255 ’
3213 2250 3233 2260 ⁹
3535 2274 3770 2350 [ἰοίιυῐι.

529 2340 724 2412 Igneus
751 2343 844 2399 ille
874 2343 1002 2412 fide,
1034 2350 1244 2405 caelesti
1267 2352 1472 2409 famine
1505 2365 1738 2426 torrens,
2310 2365 2468 2433 Quod
2498 2367 2645 2439 potis
2670 2368 2924 2424 humanae
2954 2386 3065 2426 non
3096 2376 3178 2425 est
3205 2368 3514 2440 expendere
3551 2340 3748 2423 menti.

529 2432 821 2508 Praeceptis
849 2452 1066 2509 operam
1098 2439 1262 2497 dabat
1291 2443 1560 2502 indefesso
1590 2447 1763 2506 beatis
1813 2450 1927 2521 (B.,
1961 2451 2129 2508 inde-
2237 2432 2360 2511 Nox
2388 2432 2519 2526 ruit,
2556 2458 2722 2529 inque
2755 2475 2909 2514 suam
2938 2467 3084 2516 coitu
3109 2432 3316 2516 cessere
3345 2458 3530 2513 soluto

1523 2536 1720 2606 [fessus
1745 2538 2013 2611 honestis)
2039 2560 2052 2610 ;
2237 2544 2478 2618 Quisque
2507 2547 2733 2606 domum
2765 2566 2777 2606 :
2807 2550 3004 2621 praesul
3043 2565 3194 2605 sacra
3225 2556 3505 2620 pernoctat
3537 2548 3594 2604 in
3627 2548 3764 2614 aede,

530 2615 652 2680 Hic,
677 2623 738 2671 ut
767 2621 1125 2688 apostolicum
1156 2624 1405 2693 praeclari
1438 2629 1701 2698 temporis
1731 2628 1928 2698 instar,
2238 2615 2515 2708 Luteaque
2543 2638 2602 2694 in
2632 2638 2805 2695 roseis
2828 2638 3064 2695 rutilans
3093 2654 3292 2694 aurora
3318 2637 3559 2710 capillis,

526 2703 844 2774 Excipiens,
878 2723 1047 2778 prona
1076 2719 1326 2767 sanctum
1358 2713 1558 2784 pietate
1587 2718 1820 2787 colebat,
2237 2723 2349 2780 Vix
2375 2703 2646 2782 matutino
2678 2727 3016 2784 rubefecerat
3044 2727 3247 2784 aethera
3276 2703 3479 2794 curru;

523 2795 738 2850 Affectu
768 2808 998 2867 patrem,
1033 2803 1212 2858 meriti
1245 2807 1537 2876 splendore
1562 2811 1908 2882 magistrum.
2234 2813 2436 2871 Praesul
2464 2817 2650 2884 adest;
2681 2834 2974 2874 causamne
3002 2820 3146 2875 Deus
3174 2818 3491 2892 patefecerit
3522 2818 3650 2887 ulli,

523 2882 792 2936 Frenabat
820 2885 1054 2954 rigidam
1085 2892 1324 2957 praefecti
1365 2897 1588 2953 nomine
1620 2908 1835 2970 gentem
2233 2906 2388 2962 Ultro
2419 2882 2758 2980 perquirens.
2805 2909 3074 2979 Expertes
3103 2882 3218 2965 esse
3255 2913 3464 2980 negoti.

520 2970 827 3026 Auxiliaris
860 2971 988 3028 item
1017 2993 1028 3041 ;
1064 2977 1297 3045 geminis
1326 2981 1414 3035 cui
1447 2986 1673 3053 grandia
1701 2990 1846 3044 votis
2231 2995 2355 3051 Sese
2384 2970 2670 3052 testantur.
2704 2998 2832 3053 Mox
2863 2997 2980 3054 haec
3010 2998 3068 3052 in
3099 2997 3266 3054 verba
3296 2997 3550 3055 sacerdos
3580 3015 3593 3055 :

518 3058 776 3143 Adventu
799 3065 981 3134 magni
1013 3066 1286 3123 fulserunt
1317 3072 1513 3141 gaudia
1551 3074 1768 3143 Patris;

518 3149 615 3179 ῐιιη
644 3150 749 3179 ετξ-ζ
784 3151 986 3179 An).-.“
1025 3157 1178 3179 -1‘..-
1216 3159 1274 3179 Λ-
1299 3177 1318 3179 μ
1384 3161 1398 3179 ι
1457 3170 1470 3179 .

2156 3120 2198 3179 C
2229 3088 2429 3144 Mensis
2460 3090 2767 3161 legitimum
2804 3089 2997 3146 subeat
3028 3107 3190 3164 quam
3222 3091 3488 3162 septimus
3515 3105 3752 3157 annum,

517 3149 616 3205 Ille
644 3150 752 3206 viri
782 3151 991 3210 dudum
1024 3157 1184 3228 pleno
1216 3159 1474 3232 flagrabat
1504 3181 1708 3235 amore,
2156 3149 2198 3179 υ
2229 3179 2345 3236 Hoc
2368 3149 2561 3235 scitote
2592 3182 2744 3251 prius
2775 3181 2983 3237 mundo
3014 3149 3308 3240 clarescere
3337 3182 3538 3237 festum

517 3239 747 3296 Visendi
779 3243 1031 3315 cupidus,
1072 3255 1190 3302 tum
1218 3251 1364 3321 quod
1396 3263 1656 3324 quartana
1677 3255 1915 3329 jugalem
2222 3268 2468 3337 Quatuor
2490 3239 2615 3327 ante
2644 3271 2760 3328 dies
2788 3272 2832 3341 ‘,
2875 3273 2992 3330 haec
3019 3281 3149 3329 sunt
3182 3239 3387 3330 natalia
3415 3271 3595 3329 sancti

514 3328 777 3433 Terrebat
806 3335 968 3405 longo
993 3333 1107 3406 jam
1137 3338 1346 3396 dudum
1371 3350 1611 3415 tempore
1634 3328 1857 3418 lampas.
2223 3328 2320 3416 IIis
2349 3368 2560 3433 martyr
2589 3362 2764 3419 factus
2791 3328 2950 3420 felici?
2969 3328 3118 3420 sorte
3145 3328 3429 3433 Kalendis,

587 3423 706 3480 110.
728 3425 960 3484 Intranti
985 3431 1206 3503 longum
1231 3433 1481 3506 princeps
1513 3437 1654 3508 rapit
1672 3438 1868 3498 obvius
1893 3457 2106 3514 agmen,
2220 3450 2434 3507 Inditus
2469 3423 2549 3506 est
2577 3451 2799 3523 Superis
2827 3453 2950 3508 fuso
2977 3470 3075 3526 pro
3101 3453 3365 3526 sanguine
3393 3423 3590 3511 castris
3613 3469 3629 3510 :

511 3511 756 3613 Excipit,
790 3516 1044 3588 oblectat,
1081 3522 1313 3592 refovet,
1357 3537 1666 3598 veneratur,
1699 3533 1889 3591 adorat
1914 3511 1948 3601 ;‘
2093 3511 2100 3514 ⁷
2219 3541 2321 3598 Res
2350 3550 2628 3613 comperta
2657 3511 2796 3596 inihi
2822 3511 3046 3600 monitis
3070 3511 3384 3602 caelestibus
3413 3542 3532 3600 haec
3560 3551 3663 3599 est.

511 3599 648 3656 Tum
675 3610 849 3660 totum
877 3607 1025 3662 facili
1060 3613 1284 3666 metitur
1313 3614 1523 3672 lumine
1554 3635 1770 3690 corpus,
1915 3599 1919 3601 Π
2215 3629 2371 3685 Dixit
2399 3637 2452 3685 et
2475 3599 2765 3701 ingentem
2799 3599 3140 3704 perfundunt
3167 3633 3364 3706 gaudia
3381 3632 3639 3704 fplebern.

512 3690 738 3788 Impulit
762 3697 1049 3752 attonitam
1081 3701 1294 3772 trepida
1316 3703 1613 3763 formidine
1642 3719 1902 3780 mentem,
2215 3719 2472 3790 Martyris
2499 3690 2580 3775 ea;
2599 3721 2698 3776 illo
2725 3690 3032 3778 celebratur
3064 3690 3305 3794 tempore
3336 3690 3557 3795 poinpa,

509 3778 685 3883 Pigna
711 3783 832 3838 viro
861 3785 1048 3856 facies,
1081 3796 1134 3844 et
1161 3791 1385 3862 plenum
1417 3796 1646 3852 numine
1681 3778 1894 3868 pectus,
2215 3778 2392 3863 Gallia
2416 3824 2520 3880 qua
2553 3817 2733 3880 partes
2763 3811 2869 3865 late
2901 3778 3258 3883 spatiatur‘in
3292 3778 3501 3869 omnes.

507 3867 787 3927 Sermonis
816 3877 1076 3946 gravitas,
1105 3879 1340 3935 illustris
1365 3883 1539 3952 gloria
1569 3867 1774 3954 vultus,
1873 3867 1877 3868 ί
2287 3896 2409 3952 112.
2432 3867 2663 3955 ‘Rursus
2697 3898 2841 3956 bella
2870 3867 3057 3957 moves
3087 3921 3099 3969 ;
3123 3903 3295 3974 spiras
3317 3901 3577 3959 incendia
3597 3921 3805 3973 rursus,

505 3958 668 4020 Fama
696 3965 879 4021 minor
919 3969 1146 4036 meritis,
1180 3971 1360 4040 magni
1393 3974 1706 4042 praestantia
1735 3978 1935 4037 cordis.
2212 3987 2437 4046 Desecto
2472 3990 2705 4063 nequior
2746 3991 2864 4064 [B.,
2897 3992 3138 4066 Nequior
3167 3994 3430 4070 abscisso]
3472 4013 3810 4070 consurgens

505 4055 652 4110 Exin
683 4055 978 4126 prmcipuis
1007 4057 1239 4114 effundit
1270 4077 1500 4118 munera
1528 4062 1690 4138 gazis,
2559 4055 2577 4063 ’
2747 4055 2761 4064 δ
2849 4055 2859 4060 ⁷
2994 4055 3012 4066 ’
3314 4055 3523 4159 [ὺθῖιιιει
3553 4055 3700 4145 colld

504 4140 822 4248 gblatisque
854 4161 1075 4248 manum
1107 4147 1364 4248 dignetur
1399 4153 1655 4226 pandere,
1689 4161 1882 4231 poscit.
2209 4167 2338 4224 Tela
2366 4169 2588 4244 quidem
2620 4173 2750 4229 forti
2779 4191 2954 4248 nuper
2978 4183 3247 4248 prostrata
3287 4140 3473 4233 d‘uello

502 4231 700 4286 Uxoris
731 4241 852 4305 post
892 4234 1006 4291 haec
1034 4239 1266 4309 supplex
1304 4239 1652 4301 incommoda
1676 4247 1878 4323 jungit.
2206 4257 2326 4314 Non
2357 4231 2525 4331 pudet
2553 4262 2611 4317 in
2645 4231 2876 4320 miseros
2900 4265 3102 4321 iterum
3132 4266 3370 4334 conflare
3389 4267 3686 4325 Britannos
3705 4269 3733 4325 ?

501 4323 716 4430 :Annuit
740 4323 968 4380 antistes
1002 4325 1151 4430 fidei,
1185 4345 1285 4430 nec
1317 4333 1539 4401 praemia
1568 4334 1789 4395 differt:
2205 4323 2374 4405 Parce
2400 4349 2525 4420 tibi,
2546 4350 2662 4422 jam
2690 4368 2870 4425 parce,
2905 4371 3133 4426 precor;
3173 4331 3280 4428 quo
3318 4357 3517 4430 saepius
3546 4366 3729 4414 atrum

496 4410 837 4520 Ingreditur;
869 4415 1158 4520 manifesta
1189 4418 1336 4520 salus
1365 4422 1664 4480 comitatur
1693 4436 1912 4489 euntem
1939 4451 1950 4490 :
2123 4485 2171 4520 Π
2205 4438 2488 4496 Extuleris
2510 4410 2709 4500 virosa
2729 4410 2924 4516 caput:
2954 4410 3265 4518 jaculabere
3304 4410 3420 4520 (3.:
3446 4447 3797 4520 jugulabere)

1837 4485 1912 4489 ﬁ"
1939 4485 1950 4490 -
2205 4485 2488 4496 —-—v‘-Iv--v
2528 4485 2701 4500 ...νυ-η
2730 4485 2912 4516 νωνυιν,
2954 4485 3265 4518 δαναιαυυιν
3304 4485 3420 4520 μ’.)
3446 4485 3722 4520 διιευυωυῡλ

494 4501 733 4558 Discutit
763 4503 1076 4576 ingrediens
1106 4525 1246 4580 aegra
1275 4510 1342 4566 de
1372 4529 1600 4588 corpore
1633 4527 1860 4591 pestem,
2123 4485 2171 4544 Β
3527 4536 3722 4611 [certe,

495 4589 563 4611 ΠΛ
594 4598 722 4611 Α-Αμ-
779 4610 796 4611 η
847 4602 879 4611 ν.
918 4595 938 4611 ιδ
968 4596 980 4611 1
1040 4597 1049 4606 ι
1267 4608 1276 4611 -
1358 4601 1372 4611 ι
1417 4603 1426 4611 .
1707 4608 1722 4611 -

495 4589 566 4688 Et
594 4598 801 4688 tremor
833 4602 886 4650 et
913 4595 1082 4688 febris
1113 4608 1317 4688 puncto
1342 4601 1597 4662 delentur
1625 4589 1854 4669 eodem.»
2199 4615 2270 4672 Et
2296 4618 2526 4688 repetita
2556 4619 2765 4678 dabunt
2792 4623 3020 4682 celerem
3054 4636 3367 4684 commenta
3396 4589 3616 4683 ruinam
3641 4644 3654 4681 :

492 4678 583 4783 Sic
612 4681 757 4751 capit
784 4691 1032 4754 optatum
1060 4686 1196 4742 felix
1223 4699 1468 4748 matrona
1496 4695 1765 4755 levamen.
2197 4703 2355 4772 Quod
2384 4709 2551 4763 semel
2583 4709 2837 4767 insanum
2863 4721 2944 4768 est
2978 4713 3237 4770 iteratum
3286 4715 3533 4771 insanius
3581 4716 3791 4783 horret,

492 4765 778 4876 ﬁdventus
795 4778 917 4876 post
946 4771 1062 4872 haec
1087 4791 1367 4847 exponens
1397 4782 1588 4840 ordine
1615 4803 1805 4846 causas
2195 4765 2564 4870 iiIajoremque
2591 4798 2776 4856 ferunt
2803 4799 2889 4857 bis
2921 4803 3154 4861 vulnera
3181 4811 3341 4876 rupta
3373 4804 3642 4872 dolorem,

491 4857 798 4916 Perfruitur
827 4861 1027 4919 sobriis
1059 4875 1098 4934 °,
1128 4866 1351 4924 obtento
1381 4873 1649 4947 principe,
1681 4881 1845 4938 votis.
2194 4882 2305 4940 Vix
2336 4887 2533 4956 praesul
2563 4888 2756 4960 positis
2787 4888 3048 4948 humeros
3085 4892 3422 4949 subduxerat
3449 4894 3639 4961 armis,

488 4949 717 5007 Civibus
747 4952 1018 5024 oppressis
1050 4956 1264 5013 revehit
1293 4961 1498 5017 vexilla
1529 4966 1766 5038 quietis;
2191 4973 2524 5031 Immensum
2562 4977 2754 5047 fessus,
2804 4982 3193 5056 propriamque
3233 4983 3500 5040 reviseret
3548 4981 3746 5038 urbem
3775 4999 3787 5034 :

487 5039 711 5096 Summa
739 5041 884 5097 salus
910 5044 1010 5101 toti
1043 5047 1296 5118 quamvis
1324 5050 1578 5110 existeret
1607 5057 1731 5114 urbi
2190 5064 2329 5119 Ecce
2358 5063 2676 5122 ferebantur
2702 5039 2956 5140 precibus
2988 5039 3245 5130 mandata
3275 5073 3482 5131 coactis

485 5131 717 5190 Reddita
745 5135 976 5208 pastoris
1008 5143 1221 5195 tantum
1251 5146 1539 5214 praesentia
1574 5149 1777 5221 magni.
2186 5149 2546 5223 Cunctorum,
2579 5131 2775 5231 quiqui
2806 5159 3041 5231 fuerant,
3076 5180 3145 5220 ex
3175 5169 3325 5237 parte
3361 5164 3605 5236 piorum,

2183 5240 2244 5295 In
2276 5240 2503 5300 miseros
2532 5245 2732 5304 iterum
2758 5259 2965 5322 pestem
2997 5252 3256 5311 recidisse
3285 5253 3587 5311 Britannos

2179 5328 2460 5402 Dogmatis
2489 5333 2692 5404 insani,
2723 5353 2825 5395 nec
2851 5356 3004 5412 spem
3034 5351 3236 5400 restare
3267 5343 3488 5413 salutis,

1128 5309 1443 5328 -ῄ

547 5449 1352 5551 :nriparffqtatttjnt‘vidgapud
1379 5465 1613 5522 eumdem
1659 5469 1919 5527 Valesium
1955 5472 2068 5531 ibi-
2247 5487 2264 5551 ἐ
2301 5481 2367 5536 Id
2403 5488 2475 5536 est
2495 5481 2660 5551 justis
2689 5492 2736 5540 et
2764 5489 3071 5548 moderatis.
3105 5491 3230 5548 Not.
3275 5509 3404 5549 mss.

477 5519 731 5632 ἀειηνριεδέ
758 5519 819 5580 ἀε
847 5519 1592 5632 ιυβῖιξξιεξνδρέμδίειξρξασίι
2243 5519 2868 5632 «iaggtvialf‘satf

640 5626 648 5632 ι
737 5610 794 5632 ηρ
822 5614 920 5632 om”
946 5618 974 5632 Λ
1016 5619 1030 5632 ι
1135 5621 1164 5632 ιι-
1194 5620 1327 5632 Δριιιρ
1355 5624 1369 5632 Α
1410 5625 1423 5632 -
1473 5625 1538 5632 Α-..
1574 5626 1623 5632 ,μ
1708 5613 1861 5632 ..-ἰΑΑγ

545 5587 566 5616 ⁵
601 5591 676 5649 Et
700 5593 794 5647 hoc
821 5587 1056 5671 expfodit
1095 5587 1628 5665 ναιεῖἱᾶέ
1655 5610 1892 5673 Arelate.
