4074 6186
220 214 349 275 1181

214 370 277 429 Ni
305 367 456 443 prius
478 363 760 422 obtentam
789 361 1025 434 pulchro
1055 359 1356 419 certamine
1382 377 1600 420 causam

215 461 438 516 Tutetur
464 454 650 512 solito.
686 452 919 510 Suberat
947 469 1069 525 spes
1097 459 1248 510 certa
1277 450 1550 524 triumphi

213 547 313 603 Pro
340 543 556 599 miseris
586 541 826 598 movisse
857 557 1090 609 manus;
1125 557 1226 597 nec
1257 539 1433 612 gloria
1459 540 1598 598 velis

214 640 316 694 Iret
347 635 524 709 prima
553 631 690 701 suis,
719 630 766 686 si
804 646 917 687 non
952 647 1208 704 suprema
1237 629 1451 687 subiret

212 724 426 783 Infectis
458 723 698 796 imposta
724 736 920 777 manus
949 731 990 776 ³.
1025 720 1124 777 His
1153 720 1385 777 vocibus
1411 720 1520 776 iras

212 814 444 881 Excitat,
476 809 879 884 impatiensque
907 826 1074 866 moras
1105 826 1237 866 mox
1260 825 1412 864 arma
1441 811 1698 882 reposcit,

212 906 371 962 Arma
394 903 540 960 celer
567 919 580 969 ;
607 901 864 973 notisque
889 909 1040 957 artus
1070 900 1357 957 inducitur
1397 901 1586 956 armis.

214 997 441 1052 Voverat
466 992 562 1048 ille
590 1007 754 1047 suum
786 989 914 1046 ﬁdei
947 1006 1045 1062 pro
1077 990 1304 1046 nomine
1325 999 1534 1062 pectus,

209 1087 269 1143 In
296 1097 675 1158 quamcunque
705 1080 860 1137 daret
886 1097 1042 1137 casus
1066 1081 1390 1136 incumbere
1417 1089 1650 1138 mortem
1675 1097 1687 1136 :

209 1174 322 1232 Ibat
347 1171 604 1245 paciferis
633 1169 971 1242 perlustrans
994 1169 1269 1242 gressibus
1307 1169 1516 1238 orbem,

207 1261 414 1322 Semina
443 1265 630 1316 sancta
656 1258 836 1314 ferens
861 1277 874 1326 ;
908 1268 962 1315 et
987 1258 1224 1330 pulchro
1246 1258 1499 1330 dogmate
1528 1258 1799 1331 pandens,

207 1350 425 1408 Praemia
473 1348 821 1408 Christicolis
873 1365 994 1421 quae
1052 1355 1106 1404 et
1174 1357 1379 1422 quanta
1434 1356 1698 1421 parentur
1744 1348 1802 1404 in

1502 1435 1689 1512 [astris
1713 1455 1728 1505 ;

205 1530 416 1599 Contra,
455 1544 574 1602 quae
600 1527 860 1602 reprobos
891 1527 1079 1586 ineant
1112 1527 1230 1603 [B.,
1251 1527 1533 1603 maneant]
1558 1536 1676 1600 post
1706 1528 1804 1584 fu—

1233 1611 1247 1629 ’
1418 1618 1576 1692 [nera
1606 1635 1800 1693 pmnze.

269 1689 391 1768 113.
455 1709 644 1784 Tuque
701 1710 902 1766 iterum
957 1708 1190 1767 celebris
1239 1689 1504 1784 priscum,
1567 1689 1801 1780 Lutetia,
1833 1734 1879 1795 Β

1494 1800 1724 1873 [nomen

199 1891 452 1952 Carmine
485 1891 659 1949 conde
689 1906 848 1959 meo;
885 1889 1024 1946 mihi
1055 1897 1202 1946 certe
1231 1889 1446 1946 mentio
1475 1897 1693 1946 constat

199 1981 415 2053 Semper
433 1988 587 2052 grata
611 1980 715 2050 tui,
758 1979 907 2053 quod
936 1988 988 2037 te
1018 1996 1169 2036 nunc
1201 1979 1417 2035 ossibus
1446 1985 1606 2036 ornat

198 2070 398 2142 Sponsa
422 2081 449 2115 ιν
480 2070 590 2126 mei
620 2069 868 2137 Domini,
901 2070 1179 2143 quondam
1224 2069 1586 2125 celeberrima
1628 2068 1802 2141 signis

198 2159 308 2216 Huc
337 2167 478 2214 tunc
504 2158 781 2229 ingressus
810 2159 1010 2228 praesul
1051 2158 1377 2226 Germanus,
1412 2174 1597 2214 amore

198 2247 490 2320 Excipitur
519 2246 684 2302 miro.
717 2247 950 2302 Pronam
979 2245 1294 2303 benedictio
1323 2246 1540 2319 plebem

199 2337 464 2395 Confovet
496 2353 509 2392 :
549 2336 760 2408 ingenti
801 2337 1108 2409 persultant
1139 2335 1325 2391 omnia
1354 2336 1568 2408 plausu.

197 2426 438 2499 Depositi
479 2441 691 2482 memor
723 2425 817 2482 ille
848 2426 957 2492 sui,
990 2425 1216 2498 quinam
1248 2425 1588 2482 Genovefam

199 2516 358 2575 Casus
385 2524 530 2590 agat,
562 2516 748 2573 studio
781 2533 910 2572 mox
942 2524 1334 2589 percunctatur
1364 2517 1562 2574 amico.

197 2606 421 2664 leitus
454 2607 753 2678 attigerant
786 2607 1034 2663 animum
1066 2605 1410 2674 discrimina,
1444 2604 1629 2675 credo,

198 2695 463 2764 Plurima,
489 2713 608 2769 quae
640 2704 856 2768 tempus
883 2697 1063 2752 fuerat
1087 2710 1338 2768 perpessa
1368 2710 1464 2766 per
1493 2693 1633 2751 illud
1659 2712 1670 2750 :

200 2783 262 2840 Ut
289 2785 428 2840 solet
454 2784 730 2858 ohloquiis
752 2785 925 2857 pietas
955 2784 1310 2841 succumbere
1342 2783 1515 2840 duris.

197 2875 400 2946 Parque
432 2875 542 2930 fuit
572 2875 741 2946 nigrae
772 2874 928 2930 virus
961 2874 1370 2947 deprehendere
1403 2875 1625 2944 mentis,

197 2962 330 3020 Cum
361 2972 628 3037 concepta
657 2965 824 3021 semel
850 2964 1069 3020 furialis
1103 2965 1314 3020 semina
1345 2965 1579 3019 ﬂamma:

193 3054 318 3123 Nec,
350 3063 543 3113 sancto
573 3063 838 3129 praesente
859 3055 1021 3124 Viro,
1051 3054 1204 3128 plebs
1231 3054 1406 3110 livida
1435 3053 1636 3126 pressit
1661 3071 1675 3121 ;

195 3143 293 3201 Cui
320 3152 508 3200 tamen
538 3145 634 3200 illa
654 3161 754 3201 suo
787 3145 985 3201 melius
1009 3161 1172 3218 quam
1201 3151 1333 3200 nota
1363 3144 1576 3216 parenti
1604 3150 1704 3200 est.

266 3233 385 3292 114.
428 3234 579 3292 Exin
609 3234 874 3307 virgineae
905 3235 1112 3292 secedit
1141 3235 1198 3289 in
1220 3234 1406 3291 abdita
1439 3235 1613 3304 cellae,

195 3322 503 3398 Conseptus
534 3325 738 3397 populo
764 3343 775 3380 :
806 3325 992 3398 prodit
1029 3341 1160 3380 mox
1186 3323 1354 3380 obvia
1381 3323 1576 3392 virgo;

193 3414 366 3482 Quam
396 3415 558 3470 Pater
587 3415 799 3486 ingenti
831 3430 1060 3484 magnus
1090 3414 1294 3482 pietate
1325 3413 1523 3466 salutat
1547 3428 1560 3477 ;

190 3503 448 3560 Numinis
477 3511 539 3558 ut
576 3502 846 3571 templum
874 3508 1196 3554 veneratum
1218 3499 1343 3568 jure
1373 3505 1612 3570 putares.

190 3592 333 3649 Hinc
370 3597 626 3662 spectans
655 3587 891 3658 plebem,
923 3586 1226 3658 dextraque
1252 3586 1477 3642 silentia
1503 3588 1791 3659 mandans,

190 3679 445 3752 Virginis
471 3674 732 3747 auspiciis
761 3675 958 3747 repetit
989 3676 1264 3747 praeconia
1300 3676 1494 3748 primis
1519 3695 1531 3734 :

188 3772 259 3829 Ut
286 3784 506 3826 sacrum
541 3766 758 3825 Christo
787 3767 927 3823 felix
957 3767 1194 3823 infantia
1220 3784 1421 3840 corpus

190 3861 434 3935 Aptarit,
465 3860 620 3916 nullo
641 3858 1022 3916 temerandum
1055 3859 1110 3914 in
1136 3861 1336 3916 saecula
1360 3868 1518 3931 pacto
1543 3878 1555 3916 :

192 3952 257 4008 Se
286 3967 506 4023 quoque
525 3948 763 4023 virginei
795 3963 1008 4020 semper
1040 3948 1302 4004 mansisse
1333 3949 1580 4021 pudoris,

194 4040 473 4112 Abjuncto
502 4054 818 4113 quanquam
850 4045 1124 4095 secretum
1154 4054 1403 4111 corpore,
1429 4045 1646 4094 testem.

197 4130 396 4203 thue,
424 4129 524 4198 ait,
555 4129 816 4185 indubias
853 4134 1060 4183 statuat
1089 4128 1365 4183 sententia
1398 4134 1631 4196 mentes,

197 4223 537 4291 Argumenta
566 4218 644 4274 rei
674 4219 821 4275 veris
850 4216 1147 4291 perdiscite
1169 4217 1362 4290 signis.

197 4309 370 4378 Dixit,
404 4316 458 4365 et
488 4309 750 4365 infectam
785 4309 1158 4381 lacrymarum
1197 4307 1427 4364 ﬂumine
1456 4315 1684 4379 terram,

198 4399 365 4473 Virgo
393 4413 556 4456 orans
585 4399 814 4456 recubos
847 4415 953 4472 qua
987 4414 1043 4454 se
1069 4397 1325 4455 ﬂectebat
1353 4399 1412 4458 in
1443 4407 1616 4470 artus,

201 4488 445 4550 Ostentat
464 4488 662 4560 digito.
693 4487 893 4546 Rabies
921 4487 1053 4545 hinc
1086 4489 1266 4560 pulsa,
1299 4487 1548 4545 furentes

202 4576 404 4645 Leniit;
435 4577 640 4650 incepti
670 4585 900 4635 cunctos
929 4578 1169 4651 piguisse
1193 4575 1432 4635 videres.

200 4666 478 4726 Consensu
505 4666 655 4724 socio
683 4667 901 4724 cunctis
926 4667 1242 4726 decernitur
1279 4669 1467 4725 insons
1491 4687 1504 4736 ;

199 4757 473 4814 Insontem
504 4757 691 4813 cuncti
713 4764 967 4814 conserta
991 4756 1154 4814 laude
1187 4757 1433 4815 fatentur
1459 4775 1470 4812 :

201 4845 492 4919 Componit
516 4846 736 4904 rabidos
763 4847 991 4904 assertio
1021 4864 1152 4904 vera
1178 4849 1475 4918 tumultus,

201 4939 380 5011 Deque
409 4937 613 4994 animis
641 4936 745 4993 atri
781 4937 939 5009 pellit
965 4939 1220 5010 contagia
1242 4938 1407 4997 fellis.

201 5025 342 5082 Exin
373 5025 609 5084 Parisias
635 5025 868 5083 celebris
891 5025 1171 5083 Genovefa
1200 5043 1295 5100 per
1328 5045 1469 5098 oras,

203 5113 454 5174 Obtinuit
493 5116 702 5173 meritas
737 5115 940 5188 passim
983 5118 1258 5188 praeconia
1288 5118 1506 5189 palmae.

274 5207 393 5263 115.
422 5206 652 5279 Singula
681 5214 982 5279 gestorum,
1014 5206 1324 5264 clarissima
1362 5208 1540 5280 virgo,
1575 5217 1794 5265 tuorum

204 5292 484 5353 Committi
523 5298 751 5354 calamis
771 5297 953 5354 fuerat
982 5297 1207 5356 devotio
1236 5298 1442 5355 nostris
1465 5317 1478 5366 ;

205 5383 439 5442 Grandia
464 5386 825 5443 multivolum
857 5394 1122 5445 revocant
1153 5386 1250 5445 sed
1269 5370 1457 5463 'caapta
1485 5393 1700 5463 poetam

268 5540 289 5594 ς
318 5512 387 5569 Id
399 5520 509 5594 est,
541 5517 588 5571 si
614 5518 946 5594 non_ul_timq
974 5533 1164 5574 manus
1192 5517 1274 5575 rei
1311 5517 1542 5592 inceptae
1571 5517 1797 5594 impone-

205 5589 366 5643 retur.
397 5585 524 5644 Not.
551 5604 681 5646 mss.
796 5590 972 5665 Lugd.

1254 206 1350 264 DE
1390 205 1563 265 VITA
1601 205 1656 262 S.
1699 203 2040 265 GERMANI.
2083 233 2153 247 -—
2194 203 2326 261 LIB.
2369 204 2464 262 IV.

3376 210 3520 269 1182

1840 372 1891 432 Α
1918 361 1996 420 Ne
2026 368 2214 420 tamen
2241 359 2343 417 hos
2359 360 2512 433 justo
2535 359 2764 418 fundam
2793 361 2913 418 sine
2942 361 3151 420 foenore
3172 378 3386 434 versus,

1918 449 2194 525 Supplicis
2215 457 2330 506 esto
2350 467 2582 519 memor,
2613 450 2974 524 precibusque
3005 458 3158 506 tuere
3188 451 3406 510 ﬁdelem
3430 473 3442 525 ;

1915 540 2169 613 Quasque
2200 549 2297 596 tuo
2330 542 2475 597 nosti
2508 541 2662 598 dotes
2691 542 2944 599 accedere
2977 542 3208 614 Sponso,

1914 631 2224 688 Accessisse
2244 631 2367 700 tibi,
2403 633 2602 688 collata
2627 642 2791 702 sorte,
2823 641 3012 706 putato
3049 652 3060 690 :

1915 721 2144 794 Jamque
2175 722 2317 790 vale,
2348 720 2644 793 conjuncta
2687 724 2821 791 Deo,
2864 724 3121 797 saeclique
3144 732 3443 782 memento.

1989 810 2113 868 116.
2144 809 2286 866 Hinc
2316 825 2464 865 mare
2510 810 2886 867 conscendunt
2912 829 2925 878 ;
2957 821 3298 870 concurrunt
3327 814 3515 870 omnia

3223 902 3396 976 [votis
3421 922 3433 970 ;

1913 989 2116 1063 Puppis
2145 989 2204 1045 in
2236 989 2558 1062 obsequium
2605 997 2946 1062 componunt
2992 989 3217 1046 ﬂamina
3247 1007 3508 1058 cursum;

1915 1080 2202 1138 Fluctibus
2232 1081 2459 1136 infestas
2491 1079 2677 1136 videas
2706 1081 2931 1137 cessisse
2960 1081 3260 1152 procellas;

1916 1170 2122 1229 Vivida
2151 1171 2208 1226 vi
2242 1171 2422 1226 virtus
2449 1177 2738 1225 ventorum
2760 1171 2986 1226 verbera
3011 1170 3166 1227 vicit.

1917 1259 2108 1333 Tuque
2133 1259 2293 1315 ferox
2322 1259 2531 1327 aberas,
2563 1259 2779 1315 daemon
2809 1276 2921 1316 non
2954 1276 3118 1315 ausus
3147 1259 3332 1317 adesse
3357 1281 3369 1328 ;

1913 1347 2075 1418 Quod
2104 1349 2362 1417 necdum,
2395 1349 2584 1420 pelago
2615 1349 2788 1404 fueris
2817 1366 2935 1422 quae
2959 1366 3147 1422 passus
3167 1350 3223 1404 in
3248 1349 3386 1422 ipso,

1915 1440 2258 1497 Exciderant
2285 1439 2493 1496 animo.
2519 1439 2623 1496 Sed
2652 1456 2806 1496 mens
2840 1441 2945 1496 tibi
2977 1441 3148 1497 livida
3179 1456 3511 1514 quanquam,

1916 1529 2150 1602 Antiqui
2183 1529 2417 1602 populos
2447 1545 2721 1600 emergere
2750 1531 2907 1587 fauce
2937 1529 3211 1599 draconis,

1914 1618 2208 1676 z’Eternum
2237 1618 2454 1686 doleat;
2491 1619 2671 1676 virtus
2700 1621 3047 1677 sanctissima
3071 1628 3218 1677 certe

1913 1708 2144 1780 Impulit
2167 1707 2405 1762 invitum
2438 1709 2659 1781 populis
2685 1710 2978 1781 praedicere
3008 1719 3188 1767 vatem

1915 1797 2172 1854 Praesulis
2197 1798 2517 1855 adventum.
2541 1799 2784 1855 Necdum
2817 1801 3133 1871 contingere
3155 1806 3355 1856 terram

1916 1885 2178 1954 Quiverat
2211 1887 2429 1954 ;insula
2454 1889 2788 1944 Germanum
2815 1887 2930 1960 jam
2970 1895 3083 1944 tota
3114 1888 3404 1947 fremebat.

1915 1973 2080 2031 Forte
2102 1975 2206 2031 loci
2241 1976 2494 2048 princeps
2525 1977 2852 2048 Helaphius,
2889 1977 3072 2032 indice
3096 1978 3274 2045 nullo,

1916 2064 2219 2122 Occursum
2246 2073 2526 2137 properat;
2561 2071 2670 2118 tam
2702 2073 2915 2120 certum
2947 2073 3029 2121 est
3057 2064 3277 2120 credere
3307 2065 3441 2121 vati.

1915 2153 2094 2210 Filius
2129 2154 2262 2210 huic
2293 2155 2487 2225 primis
2516 2171 2686 2210 curvo
2707 2155 2998 2211 damnatus
3027 2154 3094 2210 ab
3124 2155 3283 2210 annis

1917 2241 2154 2314 Poplite,
2187 2244 2482 2299 marcentis
2502 2245 2700 2299 tulerat
2721 2243 3007 2315 dispendia
3034 2244 3229 2300 cruris.

1914 2331 2160 2390 Exhibet
2189 2332 2338 2388 hunc
2353 2348 2536 2389 secum
2572 2349 2584 2388 :
2613 2333 2860 2404 sequitur
2882 2333 3168 2404 provincia
3206 2341 3336 2401 tota,

1916 2420 2102 2478 Turba
2127 2421 2492 2489 sacerdotum,
2525 2437 2824 2478 concursus
2853 2422 3025 2478 inscia
3068 2423 3270 2494 plebes.

1916 2509 2123 2567 Ordine
2154 2510 2442 2566 submissis
2464 2510 2646 2583 prodit
2675 2511 2990 2567 benedictio
3018 2511 3234 2567 cunctis
3269 2528 3280 2566 :

1918 2599 2062 2656 Hinc
2079 2599 2332 2654 doctrina
2365 2598 2539 2655 ﬂuens
2566 2599 2911 2656 sermonibus
2940 2601 3130 2672 irrigat
3159 2617 3367 2658 omnes.

1914 2689 2181 2762 Agnoscit
2211 2691 2443 2762 populos
2473 2689 2601 2746 fidei
2635 2700 2765 2747 tunc
2810 2708 2980 2763 usque
3009 2699 3264 2760 tenaces;

1915 2779 2183 2834 Auctores
2211 2779 2432 2835 sceleris
2452 2789 2795 2852 compertum
2826 2781 3060 2836 existere
3091 2796 3292 2852 paucos
3325 2799 3337 2837 :

1914 2864 2284 2936 Quaruntur;
2319 2868 2634 2942 vindexque
2665 2885 2784 2924 reos
2815 2869 3085 2924 sententia
3118 2868 3330 2940 plectit.

1989 2955 2110 3010 117.
2145 2957 2406 3028 Irrumpit
2432 2957 2626 3012 densas
2657 2956 2956 3028 Helaphius
2985 2958 3100 3028 ipse
3141 2964 3407 3022 catervas,

1915 3041 2206 3114 Objectans
2236 3045 2432 3101 claudo
2462 3045 2762 3100 deformem
2793 3062 3019 3117 corpore
3039 3052 3250 3100 natum.

1851 3121 1873 3143 ³
1911 3133 2021 3190 Nec
2038 3134 2222 3190 verbis
2253 3151 2389 3206 opus
2420 3143 2527 3202 est;
2560 3135 2795 3206 allegant
2822 3136 3058 3206 plurima
3088 3149 3327 3200 causam,

1910 3225 2086 3293 Etas,
2110 3224 2386 3293 debilitas,
2432 3226 2687 3298 lacrymae
2718 3243 2882 3298 super
2921 3225 3107 3281 omnia
3134 3223 3324 3298 patris.

1910 3315 2079 3372 Elicit
2101 3315 2375 3386 ingentem
2407 3317 2713 3386 compassio
2736 3315 2885 3386 justa
2904 3317 3149 3372 dolorem

1911 3403 2249 3461 Cunctorum
2274 3419 2340 3458 ex
2367 3404 2568 3458 animis
2593 3422 2603 3459 :
2631 3404 2806 3459 ﬂexus
2833 3421 2995 3477 quam
3020 3404 3260 3460 maxime
3279 3404 3500 3475 praesul,

1908 3494 2035 3550 Sese
2067 3493 2338 3567 praesidiis
2367 3494 2581 3550 confert
2619 3510 2687 3550 ex
2712 3511 2861 3550 more
2891 3494 3142 3567 supernis
3165 3511 3180 3562 ;

1910 3582 2048 3638 Tum
2073 3582 2334 3655 juvenem
2365 3583 2600 3639 residere
2622 3583 2813 3655 jubet;
2848 3601 2979 3640 mox
3010 3592 3124 3640 arte
3156 3583 3414 3655 magistra

1908 3674 2195 3748 Explicuit
2225 3675 2491 3732 medicam
2525 3676 2719 3733 doctus
2750 3693 3066 3734 succurrere
3093 3676 3364 3744 dextram,

1907 3765 2225 3822 Attrectans
2253 3767 2429 3825 siccos
2458 3766 2567 3822 leni
2598 3768 2906 3841 palpamine
2926 3784 3144 3825 nervos.

1909 3853 2056 3924 Mox,
2082 3862 2343 3930 tanquam
2366 3857 2554 3930 digitis
2589 3857 2783 3914 ﬂueret
2812 3858 3084 3914 medicina
3113 3855 3364 3925 salubris,

1911 3943 2283 4018 Consequitur
2307 3949 2508 4004 festina
2545 3951 2728 4017 salus;
2763 3949 2906 4022 rapit
2943 3948 3094 4006 arida
3127 3963 3352 4005 succum

1910 4031 2209 4105 Compages
2235 4038 2464 4093 reﬂuum
2490 4059 2502 4107 ;
2527 4050 2770 4097 remeant
2801 4041 2857 4096 in
2887 4040 3117 4113 pristina
3140 4037 3317 4108 nervi,

1910 4124 2092 4195 Atque
2123 4123 2478 4178 interdictum
2511 4136 2763 4198 repetunt
2793 4130 3023 4200 vestigia
3052 4131 3279 4196 ﬂexum,

1910 4211 2323 4284 Multorumque
2348 4211 2522 4268 oculis
2543 4211 2819 4268 fulserunt
2845 4214 2989 4268 dona
3010 4216 3200 4269 salutis
3221 4216 3308 4285 (C.
3329 4216 3496 4285 Lugd.

2945 4307 2992 4356 et
3019 4302 3109 4368 B.,
3147 4300 3448 4371 Creantis);

1913 4390 2050 4447 Cum
2080 4397 2234 4462 pater
2264 4390 2599 4456 incolumem
2625 4390 2822 4463 recipit
2850 4397 2972 4463 post
3005 4398 3250 4464 tempora
3289 4399 3498 4459 natum,

1912 4480 2081 4538 Natus
2109 4481 2459 4554 plaudentem
2492 4482 2686 4553 recipit
2714 4496 2810 4554 per
2843 4481 3039 4552 gaudia
3067 4489 3293 4553 patrem.

1907 4569 1998 4626 Sic
2029 4577 2144 4640 tua,
2175 4570 2413 4640 Christe,
2443 4571 2621 4628 modis
2651 4572 2864 4628 inolent
2896 4572 3167 4643 praeconia
3187 4568 3342 4625 miris

1904 4669 1974 4724 Et
2004 4668 2133 4726 ﬁdei
2164 4670 2389 4742 capiunt
2426 4669 2699 4728 invictum
2731 4679 2952 4743 pectora
2989 4669 3175 4726 robur.

1910 4758 2050 4817 llinc
2091 4774 2243 4815 sacer
2273 4760 2339 4816 ad
2372 4759 2586 4832 plebem
2617 4775 2798 4816 sermo
2826 4760 3169 4818 convertitur
3185 4774 3402 4816 omnem

1909 4849 1985 4904 De
2009 4847 2187 4920 lapsu,
2221 4865 2317 4906 seu
2343 4865 2462 4922 quae
2493 4857 2743 4922 reparent
2764 4848 3043 4924 impendia
3072 4853 3304 4924 lapsum.

1906 4938 2133 4998 Obtinet
2163 4940 2412 4998 immotis
2437 4942 2693 4998 columen
2725 4943 2952 5000 fundata
2980 4943 3252 5001 columnis

1910 5033 2047 5088 Tuta
2067 5033 2207 5089 fides
2232 5053 2244 5101 ;
2277 5033 2406 5091 ﬁdei
2435 5041 2682 5107 pugnant
2711 5052 2809 5108 pro
2833 5035 3035 5094 foedere
3064 5033 3270 5091 cuncti.

1907 5121 2164 5194 Perpauci
2198 5123 2456 5180 suberant
2485 5123 2708 5183 detectae
2739 5124 2948 5181 fraudis
2965 5123 3172 5178 alumni
3199 5140 3212 5188 ;

1907 5210 2194 5268 Sistuntur
2214 5228 2395 5268 coram
2427 5215 2514 5285 [Β.
2544 5231 2647 5270 om.
2677 5212 2920 5287 coram];
2945 5210 3158 5268 cunctis
3178 5209 3365 5265 eadem
3383 5225 3498 5265 sen-

2978 5299 3176 5375 [tentia
3204 5306 3426 5372 perstat,

1908 5390 2124 5448 Exsilio
2153 5394 2419 5450 mulctare
2439 5393 2579 5467 jugi.
2617 5393 2709 5451 Sic
2739 5394 2922 5449 insula
2950 5391 3088 5448 felix

1977 5518 1999 5547 δ
2027 5519 2250 5578 Scilicet
2269 5519 2324 5576 S.
2360 5518 2661 5575 Genovefa.
