4074 6186
170 237 296 297 1183

1220 241 1314 297 DE
1355 242 1525 299 VITA
1562 242 1618 299 S.
1662 244 2003 304 GERMANI.
2046 276 2116 288 —-
2156 246 2290 306 LIB.
2332 248 2402 307 V.

3329 253 3467 317 1186

166 389 300 461 Quid
329 388 503 461 possit
538 388 728 445 feritas
753 406 765 445 :
800 405 1008 446 saevum
1044 391 1188 463 rapit
1217 391 1502 465 improbus
1539 412 1754 467 agmen,
1787 403 1838 462 A
1867 398 2056 456 Castra
2085 399 2287 457 dehinc
2317 409 2590 475 repetunt.
2646 402 2844 459 Merito
2870 403 2951 461 sic
2978 406 3228 477 praesulis
3256 407 3391 467 almi

167 479 369 537 Ardens
398 485 597 551 optatze
637 480 1048 551 quamprimum
1079 481 1398 539 incumbere
1433 484 1648 557 praedae.

230 570 346 627 121.
380 568 636 625 Pereellit
668 569 923 626 miseram
962 571 1083 629 dira
1128 575 1465 644 exspectatio
1514 584 1753 648 gentem,

162 662 228 717 Et
257 666 431 714 metus
460 659 755 730 impatiens
780 678 793 728 ;
828 670 880 718 et
910 678 1091 718 rerum
1129 663 1406 735 plurimus
1444 665 1641 724 horror
1669 685 1682 725 :

162 750 263 806 Nec
289 764 420 804 vero
450 748 689 821 simplex
721 758 876 823 urget
914 752 1217 823 praecordia
1252 760 1465 812 terror:

162 840 272 897 Non
301 839 552 895 conferre
596 856 838 911 manum,
873 859 983 899 non
1015 843 1151 899 ﬁnes
1190 843 1346 902 hoste
1371 847 1536 917 tueri,

161 930 271 987 Non
300 929 490 985 saltem
523 936 734 986 tentare
765 932 948 1004 fugam
971 935 1243 990 sententia
1264 937 1457 1009 surgit.

162 1025 335 1098 Fingit
368 1026 599 1101 quisque
637 1028 744 1085 sibi
775 1030 914 1086 varii
944 1030 1271 1089 discrimina
1302 1034 1459 1104 lethi,

162 1123 383 1197 Solaque
410 1131 675 1196 suspectae
704 1133 923 1200 torquet
950 1127 1147 1186 dilatio
1177 1130 1393 1189 mortis.

161 1215 269 1272 Una
293 1215 479 1271 subest
506 1215 722 1272 miseris
753 1217 895 1275 ratio
918 1228 1131 1277 servata
1165 1222 1395 1290 salutis;

160 1304 214 1361 Si
241 1320 294 1361 se
321 1305 581 1377 dignetur
610 1306 807 1378 gladiis
840 1325 1116 1382 opponere
1146 1312 1365 1383 praesul.

159 1394 366 1468 Legatis
393 1394 512 1451 haec
540 1395 754 1453 summa
783 1398 910 1455 fuit.
937 1399 1082 1466 Quid
1098 1418 1248 1459 nunc
1268 1419 1509 1476 quoque,
1543 1412 1747 1475 sancte,

159 1483 293 1551 Quid
321 1484 679 1542 facturuseris
699 1487 727 1544 ?
752 1486 808 1544 Si
843 1495 895 1544 te
927 1489 1234 1548 subducere
1268 1500 1464 1563 tentes,

156 1574 324 1643 Nosti,
354 1575 492 1648 quid
525 1585 685 1649 capto
714 1577 786 1633 sit
814 1578 1028 1636 viscera
1055 1580 1307 1637 claudere
1336 1582 1494 1638 fratri
1519 1599 1532 1638 :

154 1664 275 1720 Sive
297 1662 493 1735 juvare
523 1665 702 1735 velis;
737 1674 944 1726 terrent
983 1687 1145 1744 quam
1178 1673 1355 1728 multa
1383 1673 1663 1730 volentem
1686 1673 1714 1731 ἳ

152 1754 265 1810 Rex
290 1754 460 1823 ferus,
486 1755 774 1815 horrendae
809 1757 988 1816 rabies
1019 1759 1299 1833 incognita
1328 1763 1527 1834 gentis,

149 1843 216 1898 Et
245 1843 435 1916 lingua
460 1854 512 1902 et
536 1863 734 1917 mores,
754 1856 1033 1922 torvaeque
1060 1850 1337 1922 protervia
1365 1851 1601 1920 frontis;

151 1931 283 1991 Tum
323 1935 470 2007 quod
498 1939 746 2009 perpetui
775 1938 1049 1996 defessum
1081 1942 1225 1996 mole
1255 1942 1459 1999 laboris

149 2025 458 2083 Destituant
487 2014 679 2086 tenues
717 2029 1001 2085 ineuntem
1033 2030 1262 2102 grandia
1291 2032 1457 2090 vires.

149 2115 273 2172 Fide
294 2119 413 2175 Deo
442 2138 456 2187 ;
498 2120 738 2176 fraterna
772 2121 909 2176 feret
933 2122 1161 2178 dilectio
1194 2126 1454 2193 palmam.

147 2206 297 2263 Posse
350 2208 527 2276 dabit,
555 2208 650 2281 qui
688 2209 831 2264 velle
860 2209 1049 2266 dedit:
1086 2226 1171 2266 res
1203 2213 1375 2268 ardua
1405 2230 1742 2288 quanquam,

146 2294 418 2353 Concedet
440 2294 608 2368 justis
636 2298 774 2353 laevo
808 2315 939 2354 mox
967 2299 1197 2355 numine
1227 2301 1390 2357 votis.

212 2386 335 2443 122.
380 2386 526 2458 Ergo
557 2386 662 2442 iter
691 2387 926 2444 invadit.
961 2388 1166 2445 Aderat
1198 2406 1328 2460 gens
1358 2391 1584 2461 perﬁda,
1607 2391 1748 2449 ﬁnes

144 2475 255 2532 Jam
284 2486 629 2549 transgressa
657 2493 785 2534 suos
809 2497 822 2546 ;
858 2479 1052 2535 faciem
1084 2479 1302 2535 telluris
1327 2491 1527 2554 apertae

143 2567 405 2639 Implerat
429 2567 664 2623 ferratus
693 2584 895 2641 eques;
928 2585 1029 2624 rex
1057 2569 1295 2641 agminis
1323 2571 1428 2627 atri

141 2659 419 2716 Barbarus
449 2657 506 2714 in
540 2659 742 2727 medio,
772 2659 1024 2716 trucibus
1054 2660 1362 2718 horrendus
1394 2662 1451 2718 in
1480 2662 1668 2733 armis,

142 2751 354 2824 Optatae
387 2768 480 2825 spe
509 2751 675 2809 caedis
706 2752 842 2809 hiat.
875 2753 1003 2810 Mox
1031 2753 1283 2826 praeduce
1317 2753 1494 2811 ﬁdens

142 2839 448 2897 Germanus
473 2842 735 2911 Domino,
768 2844 978 2900 medios
1014 2844 1273 2915 irrumpit
1300 2844 1359 2900 in
1388 2844 1597 2915 hostes,

139 2930 477 3003 Armatoque
505 2932 633 2989 duci
664 2950 779 2990 sese
803 2934 1080 3006 (mirabile
1109 2934 1265 2990 dictu
1291 2935 1302 2990 l
1330 2935 1349 3005 )

139 3020 346 3093 Ingerit
374 3022 719 3095 intrepidus;
756 3023 1044 3096 medioque
1076 3023 1392 3096 interprete,
1426 3023 1669 3097 primum

140 3109 373 3180 Exorat,
405 3128 626 3185 seseque
658 3130 844 3186 preces
875 3112 1109 3171 effundit
1148 3112 1207 3169 in
1237 3130 1446 3171 omnes.

141 3206 259 3275 Ille,
283 3222 481 3263 manus
495 3207 719 3265 indocta
736 3207 845 3281 pati
868 3224 967 3265 ceu
984 3206 1158 3264 bestia
1170 3203 1445 3279 quondam
1467 3204 1558 3275 (Β.
1570 3246 1585 3271 ,
1598 3218 1741 3276 quae-

142 3290 401 3350 Orantem
430 3297 648 3369 refugit.
680 3298 885 3354 Praesul
910 3297 1262 3355 cunctamina
1292 3298 1422 3355 saevi
1538 3294 1741 3369 [damh

137 3380 383 3441 Pectoris
410 3385 723 3458 increpitat.
763 3387 1143 3443 Nihilominus
1172 3386 1366 3441 abnuit
1405 3384 1523 3440 ille.

137 3473 387 3531 Antistes
417 3477 613 3548 emptis
638 3477 862 3530 tandem
891 3475 1181 3546 persistere
1218 3481 1420 3540 certus,

134 3563 442 3640 Injecitque
473 3579 723 3629 manum,
750 3560 1017 3632 frmnique
1046 3561 1252 3615 invasit
1300 3560 1560 3617 habenas.

132 3655 475 3713 Immensum
505 3661 763 3722 stupuere
792 3665 1003 3706 omnes.
1044 3648 1327 3705 Sistuntur
1369 3649 1561 3707 eodem

131 3746 378 3820 Agmina
405 3745 520 3800 ﬁxa
549 3744 671 3799 loco
699 3760 712 3811 ;
746 3758 845 3799 nec
873 3741 1019 3799 cedit
1045 3740 1204 3814 copia
1232 3741 1491 3815 cuiquam

131 3834 234 3892 Vel
276 3841 494 3891 mutare
524 3834 730 3902 locum,
766 3833 854 3889 vel
903 3849 1178 3906 quoquam
1202 3831 1446 3907 lﬂectere
1476 3850 1741 3905 gressum,

131 3924 314 3980 Tanto
345 3922 570 3979 sidereae
599 3922 844 3995 perfudit
877 3923 1051 3994 gratia
1082 3922 1223 3977 lucis

134 4013 463 4071 Pontiﬁcem
492 4005 647 4069 radio
672 4031 684 4069 :
718 4030 816 4086 par
844 4012 1091 4068 vultibus
1112 4012 1206 4067 ille
1223 4012 1456 4084 Moysis,

136 4102 441 4160 Cornutam
470 4102 667 4158 faciem
701 4101 919 4157 Domini
942 4099 1230 4156 referentis
1249 4100 1317 4156 ab
1344 4116 1460 4169 ore,

140 4190 367 4249 Terruit
402 4192 671 4249 immanes
700 4191 899 4247 frontis
924 4191 1213 4263 splendore
1242 4190 1564 4264 phalanges,

139 4280 259 4338 Non
292 4300 453 4339 ausas
480 4282 606 4351 niti,
648 4299 760 4339 non
799 4298 956 4339 ausas
983 4280 1209 4337 tendere
1242 4289 1456 4338 contra.

214 4373 341 4431 123.
364 4376 480 4432 Rex
491 4373 640 4431 ferus
660 4372 986 4429 indomitam
1000 4368 1185 4443 jussus
1199 4371 1471 4443 deponere
1483 4377 1743 4441 mentem,

142 4462 378 4520 Miratur
403 4464 623 4537 potius;
656 4461 939 4535 stupidum
984 4460 1250 4517 miracula
1280 4467 1489 4515 terrent
1517 4477 1530 4516 :

142 4550 391 4617 Quaatam
448 4554 853 4625 magnanimem
902 4550 1069 4607 faciat
1115 4550 1424 4607 constantia
1454 4556 1740 4617 sanctum;

141 4639 361 4706 Quanta
388 4642 516 4699 Seni
545 4643 744 4710 virtus,
777 4648 981 4714 quanta
1008 4649 1088 4698 est
1120 4638 1428 4697 reverentia
1462 4640 1672 4709 vultus,

141 4729 393 4787 Millibus
416 4741 478 4788 ut
497 4733 679 4805 potior
706 4748 802 4788 seu
829 4738 1041 4788 constet
1068 4731 1267 4788 fortior
1294 4746 1457 4787 unus.

141 4819 388 4876 Bellicus
416 4822 484 4878 ad
514 4837 700 4893 pacem
731 4822 1011 4893 extemplo
1038 4820 1335 4894 deponitur
1361 4819 1526 4878 ardor
1550 4837 1565 4889 ;

142 4906 470 4966 Concedunt
499 4911 739 4967 humana
766 4913 881 4968 Deo
904 4930 918 4980 ;
956 4911 1198 4967 violenta
1224 4909 1428 4967 furoris

142 4997 408 5055 Conditio
438 5000 631 5073 positis
659 5009 859 5056 tractat
888 4999 1079 5056 civilia
1106 4999 1300 5066 bellis;

142 5086 396 5155 Qualiter
425 5089 481 5146 id
510 5089 627 5158 ﬁat,
658 5089 777 5145 ﬁeri
809 5088 955 5161 quod
983 5087 1108 5159 jure
1129 5087 1392 5143 Sacerdos

142 5178 424 5246 Decernit,
456 5194 571 5234 non
608 5177 756 5250 quod
792 5176 1018 5232 rabidus
1046 5175 1358 5248 praeﬁxerat
1384 5173 1565 5233 ardor.

140 5266 440 5338 Postquam
476 5268 641 5324 caedis
663 5282 818 5322 amor
846 5272 900 5321 et
931 5265 1016 5322 vis
1042 5281 1352 5337 compressa
1379 5264 1605 5335 furoris,

144 5354 500 5429 Componunt
528 5357 780 5423 animos;
811 5362 927 5410 tum
957 5354 1107 5426 pacis
1146 5354 1338 5410 munia
1370 5360 1498 5411 tutae

144 5443 375 5505 Collatia
401 5445 597 5504 ineunt
624 5445 850 5503 robusto
876 5443 1080 5502 foedere
1107 5442 1356 5514 dextris;

214 5604 238 5633 .
277 5572 583 5713 Fﬁﬁiibus
618 5669 672 5712 ut
705 5660 812 5712 lati
846 5675 939 5712 nos
969 5675 1070 5712 non
1102 5667 1337 5713 tueamur
1357 5660 1558 5724 opacis.

1866 490 2104 560 Deponit
2142 490 2419 562 trepidum
2452 509 2582 563 gens
2610 492 2970 550 Armoricana
3000 494 3278 567 timorem,

1866 578 2164 651 Emergens
2199 581 2419 637 tandem
2452 582 2689 638 trucium
2717 582 2783 639 de
2804 584 2959 640 fauce
2982 585 3242 645 ferarum.

1867 669 1980 725 Hac
2009 669 2220 726 ratione
2250 678 2453 739 tamen,
2487 679 2654 744 partae
2684 689 2783 745 per
2810 674 3015 731 foedera
3046 676 3170 748 paci

1867 758 2143 816 Romanus
2165 759 2423 833 stipulam
2456 760 2502 817 si
2534 761 2772 833 praebeat
2800 763 3178 835 induperator.

1940 849 2062 907 124.
2122 851 2249 907 Haec
2297 867 2559 925 quorsum
2616 853 2865 922 tendant,
2927 856 3061 911 satis
3116 864 3196 912 est
3251 855 3463 914 edicere

3028 942 3051 1015 [
3056 954 3389 1018 promptum.

1865 1025 1958 1095 Te,
1989 1027 2165 1094 Pater,
2192 1025 2311 1085 haec
2342 1045 2583 1097 rursum,
2609 1037 2662 1086 te
2694 1039 2839 1087 certe
2870 1031 2988 1088 haec
3017 1033 3146 1087 talia
3175 1041 3459 1105 spectant:

1863 1114 1979 1171 Jam
2010 1125 2061 1173 te
2089 1116 2352 1186 sidereus,
2379 1117 2493 1190 jam
2523 1118 2731 1175 dudum
2767 1121 2942 1192 poscit
2971 1120 3262 1194 Olympus,

1863 1204 2044 1277 Teque
2071 1207 2205 1262 olim
2238 1206 2452 1263 miseris
2476 1207 2790 1265 mordacius
2822 1210 3034 1267 invidet
3064 1211 3236 1268 arvis.

1862 1296 1935 1351 At
1964 1310 2076 1349 non
2104 1294 2396 1367 terrigenis
2426 1295 2507 1352 fas
2537 1305 2618 1353 est
2647 1297 2911 1356 excedere
2940 1300 3156 1370 castris,

1860 1386 1980 1458 Ipse
2010 1401 2119 1458 quo
2156 1385 2225 1441 ad
2253 1385 2436 1442 Latias
2470 1402 2713 1458 gressum
2743 1387 2992 1445 deﬂexus
3014 1389 3074 1445 in
3104 1406 3248 1459 oras,

1861 1473 1964 1530 Hic
1990 1490 2205 1548 quoque
2235 1475 2512 1531 caelestem
2546 1476 2715 1533 facias
2742 1476 3031 1534 ﬂavescere
3072 1493 3323 1537 messem.

1859 1565 2065 1619 Forsan
2094 1572 2147 1620 et
2177 1563 2294 1622 haec
2322 1565 2535 1637 superis
2562 1565 2737 1623 fertur
2761 1570 3036 1624 sententia
3078 1570 3234 1627 fastis
3263 1589 3276 1637 ;

1858 1655 1949 1723 Ut,
1982 1663 2365 1712 consummato
2396 1673 2720 1730 magnorum
2751 1658 2860 1716 ﬁne
2892 1660 3165 1730 laborum,

1782 1770 1828 1829 B
1858 1744 2051 1803 Victor
2080 1746 2137 1801 in
2167 1746 2327 1802 Italia
2356 1747 2538 1820 capias
2572 1747 2787 1820 insigne
2817 1750 3137 1823 superbum,

1857 1834 2153 1903 Quaesitam
2186 1837 2418 1906 meritis,
2460 1846 2669 1910 partam
2701 1839 2908 1896 virtute
2937 1856 3225 1910 coronam,

1855 1925 2188 1981 Distinctum
2219 1926 2464 1998 pulchris
2493 1929 2725 1984 rutilum
2755 1929 3008 1986 diadema
3038 1930 3290 2003 beryllis.

1856 2013 1900 2070 Ο
1929 2014 2121 2069 Paterl
2155 2016 2201 2073 Ο
2228 2016 2440 2087 magnis
2470 2017 2647 2088 pelagi
2678 2017 2939 2075 defuncte
2972 2020 3196 2091 periclis
3225 2021 3236 2075 l

1856 2103 1929 2158 Te
1955 2104 2048 2159 sed
2076 2103 2258 2160 adhuc
2287 2105 2573 2162 subeunda
2605 2115 2830 2163 manent
2877 2109 3290 2180 quamplurima
3340 2117 3462 2166 ter-

1855 2191 1974 2258 Quo
2005 2200 2297 2264 tecumque
2328 2194 2466 2265 feret
2501 2195 2744 2263 fortuna,
2774 2197 3070 2253 audentior
3104 2197 3205 2255 ito.
3314 2198 3419 2271 [ris
3445 2220 3458 2259 :

1856 2281 1900 2336 O
1932 2280 2183 2352 graviora
2211 2290 2394 2338 tamen
2425 2284 2618 2340 crebro
2647 2284 2973 2341 discrimina
3006 2305 3182 2359 passe,

1857 2369 1955 2425 His
1983 2371 2312 2445 quandoque
2343 2373 2483 2430 feret
2513 2373 2650 2430 felix
2679 2376 2988 2433 constantia
3016 2377 3205 2437 ﬁnem.

1931 2458 2054 2516 125.
2102 2461 2213 2520 Nec
2240 2479 2392 2520 mora
2435 2463 2604 2537 (Quas
2633 2464 2837 2522 etenim
2879 2465 3117 2527 flammis
3145 2471 3462 2534 cmlestibus

3164 2560 3389 2635 [ardens

1856 2640 2039 2697 Posset
2070 2639 2271 2699 habere
2299 2658 2480 2700 moras
2506 2644 2553 2717 ?)
2585 2647 2756 2717 patris
2787 2647 3062 2721 digressus
3088 2650 3156 2707 ab
3186 2653 3319 2725 oris,

1856 2731 2084 2803 Alpinas
2114 2733 2342 2789 celerem
2376 2752 2618 2807 gressum
2650 2738 2940 2812 detorquet
2970 2742 3025 2796 in
3057 2759 3243 2811 arces;

1853 2820 2034 2893 Teque
2073 2820 2275 2878 iterum
2303 2824 2556 2896 gradiens
2585 2828 2770 2883 studio
2803 2829 3019 2901 pietatis
3046 2832 3232 2902 avitae,

1856 2908 1989 2966 Care
2019 2910 2156 2983 petit
2186 2912 2398 2968 meritis
2432 2922 2486 2969 et
2516 2916 2805 2987 relligione
2839 2919 3085 2990 Senator,

1856 2998 2095 3071 Hospitii
2118 3007 2272 3071 grato
2302 3017 2573 3072 pensurus
2604 3004 2792 3061 fenore
2821 3005 3026 3065 dotem.

1856 3084 2117 3144 Constitit
2148 3097 2276 3146 ante
2305 3091 2497 3147 oculos
2525 3090 2708 3146 subito
2740 3091 3005 3162 producta
3030 3096 3238 3167 puella,

1857 3175 2175 3234 Omnimodi
2207 3180 2478 3236 sermonis
2504 3179 2684 3251 inops,
2722 3197 2886 3253 quam
2916 3183 3080 3256 longa
3111 3184 3282 3241 coaevi

1857 3265 2091 3322 Cardine
2121 3267 2207 3323 bis
2236 3267 2379 3324 deno
2410 3268 2706 3341 carpebant
2736 3268 2935 3327 damna
2963 3272 3172 3330 silenti.

1858 3356 2121 3416 Cominus
2159 3357 2435 3414 admotam
2469 3358 2611 3414 miro
2640 3358 2958 3431 dignamine
2986 3364 3184 3434 prmsul

1857 3446 2134 3520 Suscipit;
2169 3448 2295 3505 inde
2326 3465 2492 3505 manu
2528 3449 2724 3506 faciem
2756 3451 3053 3521 perlustrat
3078 3453 3275 3524 amica,

1856 3538 1950 3606 Os,
1985 3538 2246 3607 frontem,
2269 3546 2323 3595 et
2355 3547 2534 3596 totum
2562 3540 2907 3612 permulcens
2938 3543 3181 3614 unguine
3208 3543 3450 3621 vultum;

1857 3627 2095 3702 Tresque
2125 3628 2328 3686 dehinc
2355 3630 2513 3703 panis
2542 3630 2675 3686 vino
2706 3630 3029 3704 permiscuit
3061 3632 3196 3689 oﬁ‘as
3222 3653 3236 3702 ;

1856 3717 2026 3791 Inque
2056 3735 2118 3775 os
2146 3719 2394 3775 attonitas
2421 3736 2758 3792 componens
2787 3720 3023 3793 virginis
3053 3739 3244 3788 unam,

1856 3807 2112 3880 Imperat,
2140 3817 2424 3883 acceptum
2455 3817 2653 3883 prmeat
2680 3809 2991 3867 benedictio
3020 3827 3237 3884 panem.

1856 3897 1958 3952 Illa
1987 3898 2294 3957 Sacerdotis
2324 3917 2521 3974 parens
2547 3900 2615 3957 ad
2642 3899 2858 3972 singula
2887 3898 3093 3970 verbis,

1857 3988 2045 4045 Edicit
2073 3992 2254 4062 pleno,
2283 3994 2481 4064 prmsul
2516 3992 2663 4068 quod
2681 3993 2937 4066 jusserat,
2976 4012 3092 4053 ore.

1859 4077 1950 4136 Sic
1984 4087 2175 4136 exorta
2204 4097 2350 4138 novo
2386 4100 2611 4139 manans
2638 4084 2899 4141 facundia
2929 4086 3063 4155 ritu,

1859 4168 2064 4225 1Etatis
2092 4168 2334 4240 reliquos
2361 4170 2492 4223 exin
2535 4169 2755 4225 duravit
2788 4173 2845 4226 in
2874 4187 3068 4235 annos.

1932 4259 2052 4316 126.
2088 4258 2222 4315 Inde
2251 4258 2615 4329 profecturus,
2638 4264 2999 4330 praeterquam
3037 4258 3179 4314 forte
3222 4262 3452 4334 solebat,

1858 4348 2051 4404 Artius
2080 4347 2400 4404 unanimem
2430 4345 2811 4419 complexibus
2841 4354 2996 4418 urget
3023 4346 3265 4403 amicum
3289 4367 3304 4416 ;

1859 4439 2115 4512 Interque
2136 4438 2425 4510 amplexus
2452 4454 2617 4510 quam
2650 4436 2809 4493 molli
2838 4434 3043 4491 famine
3074 4437 3342 4506 mulcens,

1855 4528 2147 4585 IEternum
2177 4529 2379 4597 valeas,
2408 4528 2576 4583 frater
2604 4526 2946 4594 charissime,
2977 4524 3145 4594 dixit,

1857 4617 2160 4675 Indiscreta
2186 4633 2319 4674 meae
2348 4633 2445 4690 per
2472 4617 2671 4677 saecula
2704 4615 2885 4688 portio
2915 4614 3137 4670 mentis.

1856 4710 2084 4765 Annuat
2111 4709 2495 4782 Omnipotens,
2528 4707 2691 4764 rebus
2720 4723 2842 4763 cum
2876 4705 2984 4761 ﬁne
3028 4720 3288 4779 supremo

1858 4800 2088 4857 Venerit
2119 4808 2422 4857 extremam
2451 4799 2736 4857 districtus
2757 4814 2957 4871 ponere
2988 4805 3213 4867 metam,

1856 4889 2122 4947 Vultibus
2162 4897 2225 4947 ut
2254 4890 2365 4947 laeti
2386 4905 2487 4946 nos
2522 4896 2884 4946 contueamur
2912 4886 3097 4958 opacis
3118 4898 3138 4922 ο
3172 4903 3187 4943 :

1856 4978 1994 5035 Nam
2033 4978 2208 5037 donec
2236 4978 2404 5051 hujus
2431 4976 2549 5053 [B.,
2582 4966 2765 5050 Hujus.
2790 4977 2941 5034 enim
2972 4974 3174 5049 donec]
3205 4975 3457 5032 solvatur

2913 5062 3151 5137 [sarcina
3178 5063 3380 5131 carnis,

1856 5157 2086 5213 Alterno
2113 5157 2347 5224 vetitum
2374 5155 2603 5229 posthac
2629 5169 2957 5213 concurrere
2986 5153 3133 5209 visu.

1860 5246 1989 5302 Hac
2018 5246 2177 5302 Pater
2200 5245 2396 5302 effudit
2423 5246 2670 5319 digressu
2697 5243 2846 5300 dicta
2870 5258 3149 5315 supremo,

1858 5334 2065 5407 Hisque
2092 5335 2390 5391 salutatum
2424 5335 2712 5393 discedens
2739 5331 2902 5406 liquit
2932 5331 3195 5389 amicum.

1858 5424 2038 5496 Dicat,
2065 5426 2298 5501 quisque
2330 5425 2487 5495 velit,
2517 5426 2777 5485 decessus
2800 5430 3049 5497 tempora
3076 5428 3328 5481 sanctum
