4074 6186
598 266 732 326 1187

589 419 868 490 Ignorasse
894 417 1001 484 sui,
1033 415 1311 488 propriam
1341 430 1471 470 cum
1499 413 1775 487 linqueret
1803 415 1994 472 urbem
2025 423 2065 472 '.

592 507 966 565 Continuabat
995 508 1119 575 iter,
1160 505 1348 578 paucis
1379 521 1448 560 ex
1480 522 1630 561 more
1662 505 1930 563 ministris
1957 524 1971 574 ;

592 597 768 655 Obvia
797 598 889 654 sed
921 597 1137 669 populis
1169 594 1404 666 stipabat
1435 595 1596 650 turba
1627 596 1832 652 coactis
1857 613 1870 652 :

591 687 688 744 His
708 689 866 744 Pater
895 686 1083 742 aeterni
1123 683 1388 740 fundebat
1419 686 1631 741 semina
1661 685 1843 741 verbi.

588 777 756 850 quue
781 776 939 847 juvat
963 773 1278 831 meminisse
1308 775 1499 846 magis,
1532 773 1679 848 quod
1709 773 1753 830 si
1787 791 1893 847 qua
1933 774 2180 832 locorum

587 865 700 920 Aut
731 880 913 930 orans,
945 872 1039 919 aut
1066 864 1205 920 forte
1236 863 1459 931 docens,
1490 863 1819 918 lustraverat
1849 863 2004 930 olim,

587 952 891 1008 Persistunt
912 952 1184 1024 hodieque
1215 952 1383 1010 sacris
1414 950 1706 1007 notissima
1725 951 1900 1018 cellis,

587 1043 698 1098 Aut
725 1042 903 1099 crucis
933 1044 1138 1097 elatum
1171 1043 1340 1114 fulget
1375 1041 1688 1098 venerabile
1729 1042 1968 1113 signum.

659 1132 778 1188 127.
810 1133 1155 1188 Perlustrans
1185 1133 1360 1189 Hedui
1391 1131 1638 1205 posthaec
1656 1131 1898 1188 conﬁnia
1928 1132 2073 1204 pagi,

583 1220 809 1277 Mitibus
836 1221 1034 1278 ciliciis
1063 1221 1264 1278 summi
1297 1222 1496 1294 pietate
1525 1221 1730 1277 favoris

583 1309 876 1381 Excipitur
903 1311 1069 1366 solito
1095 1328 1106 1365 :
1140 1310 1355 1366 fervent
1382 1310 1639 1366 examina
1669 1309 1823 1380 vulgi
1858 1327 1871 1375 ;

583 1397 775 1454 Omnis
801 1399 952 1456 adest
972 1407 1137 1466 aetas;
1173 1417 1338 1456 sexus
1364 1400 1645 1457 concurrit
1683 1407 1912 1471 uterque
1944 1415 1958 1466 ;

579 1488 690 1545 Nec
720 1498 896 1558 vacat,
929 1497 983 1545 et
1013 1489 1253 1545 nimium
1275 1498 1356 1546 est
1379 1489 1559 1562 fragili
1591 1488 1939 1545 committere
1965 1503 2180 1560 pennas,

581 1581 830 1648 Quantus
858 1589 973 1638 erat
1001 1581 1176 1639 sancti
1207 1591 1532 1639 cunctorum
1563 1581 1841 1637 mentibus
1869 1579 2053 1648 ardor,

580 1670 797 1727 Alfectu
826 1680 1051 1744 quanto,
1086 1679 1292 1744 quanta
1321 1673 1521 1744 pietate
1559 1671 1833 1739 colebant,

579 1759 750 1827 Quem
782 1768 979 1816 norant
1007 1777 1287 1817 summum
1313 1778 1543 1816 summae
1569 1759 1802 1815 Deitatis
1837 1758 2100 1815 amicum.

655 1851 776 1906 128.
821 1853 1002 1920 Forte,
1041 1851 1333 1923 pererratis
1365 1852 1535 1907 totius
1567 1852 1842 1908 moenibus
1868 1849 2043 1919 urbis,

579 1939 885 2010 Relligione
915 1941 1096 1996 calens
1127 1958 1306 1997 sacras
1334 1941 1467 1996 dum
1493 1941 1691 1998 circuit
1721 1943 1884 2009 aedes,

578 2029 834 2096 Devenit,
866 2045 974 2099 quo
1005 2030 1250 2085 Cassiani
1282 2029 1598 2084 venerabile
1627 2047 1825 2101 corpus

581 2114 869 2181 Quondam
904 2115 1185 2186 pontiﬁcis
1215 2118 1432 2171 tumulo
1460 2116 1753 2172 recubabat
1783 2117 2018 2176 honesto
2046 2136 2058 2175 :

572 2205 636 2260 In
665 2220 774 2278 quo
802 2204 1026 2261 virtutis
1053 2205 1340 2261 radiabant
1378 2207 1533 2277 signa
1561 2224 1834 2280 supernae,

572 2293 768 2350 Militis
796 2293 990 2349 eximii
1029 2295 1242 2350 clarum
1269 2302 1468 2350 testata
1497 2296 1863 2370 triumphum.

570 2387 810 2444 Marmor
837 2396 952 2444 erat
979 2388 1222 2459 Parium,
1256 2390 1398 2446 miro
1431 2390 1668 2448 candore
1696 2391 1996 2450 decorum:

571 2483 686 2540 Hoc
713 2483 1109 2542 claudebantur
1139 2483 1278 2542 sacri
1315 2493 1431 2541 tum
1461 2493 1614 2559 septa
1652 2487 1912 2558 sepulcri.

569 2572 800 2630 Coelitus
830 2581 884 2628 at
917 2573 1068 2629 rubri
1099 2575 1307 2646 species
1329 2575 1550 2632 diversa
1585 2577 1785 2632 coloris

567 2661 774 2716 Pressit
804 2661 1113 2732 viviﬁcum,
1146 2664 1360 2721 variato
1393 2681 1684 2732 marmore,
1716 2665 1972 2736 signum;

571 2751 642 2806 Ut
673 2767 818 2806 nova
852 2751 1028 2807 forma
1058 2754 1258 2822 crucis,
1294 2755 1547 2810 manibus
1591 2754 1855 2811 distincta
1898 2755 2172 2827 supernis,

566 2837 886 2894 Cassianum
924 2840 1136 2895 meritis
1165 2843 1331 2897 etiam
1356 2851 1478 2914 post
1504 2843 1701 2899 funera
1729 2843 1893 2901 claris

565 2923 767 2982 Vivere
804 2932 1152 2980 monstraret.
1186 2929 1346 2983 Pater
1375 2931 1431 2984 id
1463 2931 1770 2987 Germanus
1797 2931 2004 2988 adactis

563 3014 878 3085 Inspectans
909 3014 1102 3083 oculis,
1132 3017 1479 3090 multumque
1510 3019 1716 3090 diuque
1747 3027 2027 3089 retractat,

561 3103 733 3171 Quam
761 3103 834 3159 sit
864 3103 1158 3161 muniﬁcus
1189 3107 1363 3162 servis
1393 3106 1451 3162 in
1482 3109 1682 3163 saecula
1723 3108 1995 3166 Christus.

633 3193 754 3249 129.
783 3193 913 3251 Mox
944 3193 1083 3251 fusis
1112 3195 1387 3267 precibus,
1414 3196 1559 3265 Quid
1589 3204 1670 3266 tu,
1699 3197 2023 3267 clarissime,

1924 3285 2093 3353 dixit,

555 3362 700 3434 Quid
729 3386 896 3439 nunc,
921 3371 1109 3441 frater,
1139 3374 1255 3446 agis
1275 3374 1303 3431 ?
1330 3374 1675 3448 Tumuloque
1704 3376 1942 3432 refertur
1961 3375 2029 3431 ab
2053 3373 2168 3431 imo

555 3457 679 3514 Vox
709 3459 896 3515 audita
927 3461 1034 3517 viri
1061 3479 1072 3517 :
1106 3463 1278 3520 Felici
1311 3463 1438 3520 sede
1470 3466 1701 3532 locatus,

553 3546 764 3618 Optata:
792 3550 974 3621 potior
1003 3553 1307 3624 tranquillo
1337 3570 1561 3609 munere
1595 3553 1754 3622 lucis,

551 3635 863 3693 Venturum
895 3649 1146 3710 spectans
1196 3642 1374 3712 patrio
1401 3659 1527 3699 cum
1565 3643 1795 3698 numine
1846 3643 2158 3701 Christum.

550 3725 717 3796 Ergo,
746 3727 826 3781 ait
855 3729 1123 3799 Antistes,
1155 3731 1404 3802 longum,
1438 3731 1746 3803 gratissime
1776 3731 1968 3799 frater,

548 3813 781 3872 Sedibus
809 3819 1056 3889 augustis
1093 3827 1316 3891 accepta
1343 3828 1489 3876 sorte
1529 3821 1781 3892 quiesce:

547 3903 727 3976 thue
754 3907 1010 3962 salutaris
1050 3908 1276 3963 reduces
1310 3917 1433 3980 post
1472 3909 1667 3963 funera
1704 3909 1929 3981 clangor

543 3991 776 4062 Impleat
804 3995 1055 4050 aethereis
1085 3995 1365 4066 quondam
1396 3997 1759 4054 concentibus
1791 4015 1972 4068 aures,

544 4080 649 4133 Pro
677 4080 857 4148 nobis,
891 4097 1098 4154 proque
1127 4081 1231 4138 hoc
1256 4085 1478 4156 populo,
1514 4087 1841 4156 propensius
1869 4104 1984 4145 ora.

539 4169 584 4226 Ο
617 4171 879 4226 meritum
909 4171 1148 4228 sublime
1179 4173 1309 4241 viri,
1343 4190 1507 4246 quem
1530 4175 1703 4245 gratia
1732 4176 1937 4232 summi

544 4259 818 4316 Hactenus
849 4261 1036 4316 evexit
1068 4263 1341 4318 virtutum
1372 4264 1618 4320 culmine
1650 4264 1881 4333 Christi,

537 4346 736 4402 Omnia
765 4348 855 4405 cui
886 4359 1097 4421 parent,
1131 4353 1464 4424 respondent
1495 4354 1683 4409 omnia
1723 4356 1890 4411 votis.

535 4436 832 4493 Subsidant
864 4438 992 4495 imis
1021 4457 1338 4514 quanquam
1369 4443 1550 4515 sopita
1577 4443 1889 4516 sepulcris!

532 4524 644 4580 Nec
674 4524 898 4595 mirum,
929 4529 1108 4585 civem
1149 4532 1331 4602 potuit
1360 4531 1406 4587 si
1438 4549 1661 4589 noscere
1690 4534 1832 4590 civis

534 4612 885 4685 Conregnans
911 4617 1133 4675 Christo
1162 4627 1494 4677 tractantem
1522 4629 1699 4678 terrea
1727 4622 1957 4692 mundo,

531 4702 594 4757 In
628 4711 792 4773 portu
821 4705 1065 4762 residens
1091 4715 1431 4783 pontumque
1453 4719 1720 4785 aestusque
1750 4721 2021 4771 secantem
2049 4727 2061 4768 :

529 4799 611 4855 Da
641 4801 866 4872 paulum
899 4804 1060 4874 spatii
1085 4823 1097 4862 :
1134 4808 1350 4866 modica
1379 4810 1754 4866 removebitur
1781 4810 1935 4879 hora,

529 4887 804 4946 Hactenus
842 4890 1110 4950 innocuos
1135 4896 1182 4952 si
1213 4897 1348 4970 quid
1377 4897 1638 4970 dispescit
1666 4898 1895 4956 amicos.

602 4978 722 5038 130.
757 4981 970 5039 Interea
998 5000 1204 5054 coram,
1238 4986 1371 5042 ﬂetu
1413 4987 1715 5060 quatiente,
1748 4995 2000 5059 parentes

525 5067 792 5128 Cominus
829 5073 1118 5144 accedunt,
1152 5085 1412 5149 artusque
1445 5077 1504 5132 in
1535 5078 1762 5150 pulvere
1801 5087 2034 5150 ponunt.

521 5158 739 5217 Nubilis
768 5161 871 5219 hos
900 5166 1150 5237 sequitur
1185 5166 1422 5222 demissa
1453 5167 1637 5222 fronte
1661 5167 1866 5239 puella,

521 5246 669 5305 Olim
700 5260 948 5325 cognatae
974 5254 1188 5326 patiens
1215 5263 1268 5310 et
1300 5255 1521 5312 conscia
1547 5273 1719 5329 pinnae
1747 5275 1758 5313 :

597 5461 620 5487 .
649 5423 853 5504 sensus
873 5435 1008 5504 _es_t:
1057 5425 1216 5504 Dicat
1243 5443 1412 5504 nunc,
1454 5429 1705 5504 quisquis
1743 5432 1884 5501 vult,
1925 5434 2125 5490 Sancto

517 5511 643 5553 cum
669 5497 1062 5577 Autissiodoro
1098 5500 1157 5577 in
1185 5497 1404 5577 Italiam;
1429 5497 1781 5577 discederet,
1819 5497 2124 5577 revelatum

516 5581 630 5648 no_n
653 5568 832 5648 fuisse
871 5579 1088 5643 tempus
1133 5572 1311 5648 felicis
1352 5573 1572 5644 obitus;
1618 5591 1744 5630 nam
1766 5568 1864 5631 'vel
1903 5591 1972 5631 ex
2020 5575 2124 5634 hac

520 5637 856 5696 salutatione
883 5637 1030 5712 patet
1059 5645 1421 5702 contrarium.

1607 263 1847 322 HEBICI
1883 263 2206 322 ΜΟΝΑοΗί
2241 260 2902 322 ANTISSIODORENSIS

3761 258 3916 316 1183

2212 423 2261 483 Α
2289 415 2526 472 Fuderat
2554 414 2694 469 hanc
2725 420 2933 479 uterus,
2967 408 3164 465 vitiato
3195 406 3473 480 germine,
3507 408 3710 464 matris

2297 505 2360 560 In
2391 503 2630 576 palmam
2661 499 2872 573 digitis,
2905 514 3079 555 nervo
3109 503 3410 564 marcente,
3440 497 3696 553 recurvis
3723 514 3738 552 :

2298 595 2584 669 Temporis
2626 593 2953 650 addiderant
2997 605 3206 647 saevum
3244 589 3588 644 incrementa
3617 589 3878 646 dolorem
3910 609 3922 646 :

2298 688 2603 747 Creverunt
2641 687 2808 742 nimis
2845 685 2969 742 duri
3011 682 3392 756 progressibus
3422 697 3655 754 ungues,

2297 781 2476 855 Atque
2507 782 2661 837 intus
2689 788 2930 836 teneram
2961 774 3243 832 laniabant
3272 773 3488 845 spicula
3514 787 3785 840 carnem;

2297 873 2549 945 Quotque
2590 887 2815 929 manum
2855 867 3044 940 digiti,
3075 873 3160 922 tot
3199 867 3433 921 vulnera
3461 864 3584 920 dira
3615 863 3916 932 tenebant;

2294 964 2366 1020 Et
2389 962 2505 1034 jam
2537 963 2840 1036 perfossam
2872 964 3226 1032 penetrarant
3256 956 3442 1011 ulcera
3471 956 3747 1028 palmam,

2296 1053 2522 1110 Ossibus
2551 1060 2840 1124 exceptum
2870 1050 2917 1106 si
2949 1065 3060 1104 non
3092 1047 3345 1104 cessisset
3363 1062 3618 1102 acumen.

2296 1142 2566 1201 Attrectat
2599 1141 2800 1216 praesul
2828 1146 3012 1197 tactus
3045 1136 3412 1194 medicamine
3445 1136 3730 1204 dextram,

2297 1234 2476 1306 Atque
2506 1233 2696 1289 levans
2721 1231 2929 1303 digitos
2958 1227 3075 1285 leni
3107 1226 3484 1283 moderamine
3515 1234 3778 1290 cunctos,

2295 1323 2486 1379 Infuso
2518 1321 2704 1378 nervis
2735 1319 2924 1376 vitalis
2964 1332 3190 1374 munere
3225 1317 3396 1386 succi,

2298 1412 2503 1471 Ordine
2535 1407 2837 1469 ﬂexibilem
2866 1409 3008 1467 miro
3033 1408 3316 1465 revocavit
3345 1407 3405 1464 in
3426 1423 3610 1463 usum.

2299 1501 2570 1560 Redditur
2598 1501 2780 1558 ofﬁcio
2811 1514 3075 1556 manuum
3108 1497 3392 1554 laetissima
3421 1496 3577 1568 virgo
3603 1513 3616 1551 :

2293 1595 2404 1653 Nec
2429 1594 2543 1667 jam
2572 1611 2629 1652 se
2659 1593 2886 1667 capiunt
2914 1599 3172 1649 votorum
3202 1590 3340 1646 festa
3368 1604 3622 1646 suorum.

2295 1685 2514 1757 Adjecit
2543 1684 2717 1742 sancti
2749 1684 2923 1757 pietas
2955 1679 3312 1737 memorabile
3338 1677 3603 1751 quiddam
3643 1694 3657 1731 :

2213 1786 2257 1844 Β
2300 1775 2662 1848 Correxitque
2693 1788 2940 1840 manum,
2969 1769 3317 1842 dempsitque
3344 1766 3621 1839 superﬂua
3653 1781 3897 1838 quaeque.

2291 1865 2605 1936 Progressos
2636 1861 2825 1918 nimiis
2855 1875 3102 1917 resecans
3130 1857 3445 1914 excessibus
3472 1870 3688 1926 ungues
3719 1874 3733 1921 ;

2296 1953 2355 2010 [d
2389 1954 2595 2012 sanctis
2625 1951 2882 2010 manibus
2913 1965 3026 2006 non
3055 1947 3298 2006 effecisse
3329 1954 3606 2020 gravatus.

2949 2123 3178 2184 CAPUT
3214 2121 3284 2180 ΙΙ.

2299 2240 2642 2310 Cant-inuatia
2709 2244 2941 2319 ejusdem
2985 2244 3214 2375 fateris
3263 2249 3312 2300 et
3367 2240 3762 2298 miraculorum
3808 2250 3895 2309 per

3087 2334 3224 2373 eam.
3262 2373 3264 2375 .

3087 2334 3204 2373 [τατη
3212 2360 3224 2373 .
3262 2373 3264 2375 ,

2363 2469 2482 2525 131.
2514 2467 2724 2525 Gallica
2751 2479 3070 2538 permensus
3101 2461 3275 2534 signis
3303 2457 3706 2517 comitantibus
3731 2471 3870 2523 arva,

2290 2558 2432 2615 Hinc
2462 2557 2610 2614 subit
2636 2556 2814 2612 aerias
2841 2554 3052 2610 meritis
3081 2551 3377 2609 sublimior
3409 2550 3576 2622 Alpes
3604 2568 3617 2606 :

2289 2648 2472 2703 Limes
2512 2647 2603 2702 hic
2637 2642 2914 2700 Ausonias
2944 2642 3118 2698 Gallis
3146 2639 3497 2696 disterminat
3524 2653 3674 2706 oras,

2287 2736 2534 2792 [Eternis
2564 2733 2811 2801 nivibus,
2835 2740 3039 2788 aeterno
3066 2731 3270 2802 frigore
3298 2737 3526 2800 torpens
3553 2745 3568 2794 ;

2289 2826 2546 2882 Humano
2584 2824 2766 2896 generi
2801 2838 2913 2878 non
2943 2831 3070 2878 ante
3095 2819 3350 2876 meabilis
3376 2833 3646 2890 unquam,

2285 2916 2525 2972 Annibal
2560 2915 2802 2986 Hispana
2826 2928 3076 2969 remeans
3104 2927 3267 2984 quam
3299 2909 3479 2964 victor
3507 2907 3574 2963 ab
3594 2919 3716 2974 ora,

2285 3005 2521 3062 Diduxit
2553 3004 2829 3077 scopulos,
2861 3011 2915 3059 et
2939 3008 3182 3058 montem
3203 2999 3356 3070 rupit
3381 3005 3537 3054 aceto
3559 3007 3607 3053 ιι.

2286 3095 2425 3154 Cum
2457 3102 2640 3150 tamen
2671 3093 2898 3150 insolito
2930 3091 3178 3164 pulsatus
3208 3089 3410 3162 frigore
3439 3089 3664 3156 Pennus,

2205 3149 2248 3210 θ
2285 3184 2535 3256 Torpuit,
2556 3149 2621 3240 et
2650 3199 2830 3256 regem
2861 3149 3160 3254 spoliatum
3185 3149 3364 3235 milite
3396 3175 3599 3250 liquit:

2281 3275 2381 3331 Ille
2411 3275 2636 3348 quidem
2667 3274 2895 3330 alterius
2925 3273 3127 3329 damno
3155 3269 3443 3328 confectus
3471 3266 3657 3334 ocelli,

2279 3365 2555 3437 Propellat
2583 3365 2778 3421 Poenos
2808 3373 2870 3420 ut
2899 3363 2998 3419 nix
3028 3361 3231 3434 Alpina
3260 3369 3474 3432 tepores

2277 3455 2478 3522 Sensit,
2510 3455 2698 3510 Maura
2725 3454 2921 3510 ducem
2951 3451 3176 3508 veheret
3212 3467 3342 3507 cum
3371 3448 3553 3504 bellua
3581 3452 3601 3478 °
3642 3446 3870 3500 luscum.

2277 3545 2378 3601 Hic
2409 3551 2602 3600 nactus
2633 3543 2890 3598 meritum
2922 3539 3120 3612 praesul
3151 3538 3454 3595 Germanus
3484 3537 3782 3600 honorem,

2275 3634 2534 3694 Obtinuit
2563 3633 2699 3692 clari
2733 3646 3140 3703 monumenque
3170 3628 3444 3701 decusque
3475 3624 3780 3698 triumphi.

2348 3727 2467 3784 132.
2497 3727 2615 3782 Jam
2648 3725 2730 3782 sol
2761 3741 2966 3781 oceano
2995 3724 3194 3780 rubros
3225 3720 3472 3793 tingebat
3494 3719 3776 3783 amictus;

2270 3816 2548 3885 Artiﬁces,
2581 3815 2765 3888 operis
2792 3821 3015 3887 sumpta
3045 3813 3296 3870 mercede
3322 3809 3535 3878 diurni,

2269 3905 2382 3962 Sub
2413 3913 2630 3961 noctem
2660 3904 2910 3977 proprias
2939 3905 3145 3976 pariter
3179 3902 3497 3959 referuntur
3529 3901 3586 3956 in
3620 3900 3766 3956 aedes
3791 3919 3803 3955 :

2271 3995 2366 4051 His
2395 3996 2556 4051 Pater
2583 3995 2794 4051 obnixo
2825 3995 2979 4067 rupis
3009 4011 3106 4067 per
3144 3994 3305 4051 devia
3333 4009 3523 4066 gressu

2263 4087 2544 4166 Collatum
2572 4088 2828 4160 carpebat
2863 4087 3004 4155 iter;
3038 4085 3336 4158 miserique
3370 4084 3626 4154 malignis

2267 4178 2531 4234 Fascibus
2557 4178 2803 4250 oppressi
2833 4177 3042 4249 gemitu
3071 4184 3332 4232 montana
3361 4174 3646 4230 subibant.

2265 4269 2477 4327 Obvius
2506 4269 2759 4326 exstabat
2786 4268 3003 4326 devexa
3033 4285 3130 4341 per
3148 4268 3320 4324 ardua
3347 4276 3584 4333 torrens,

2263 4362 2341 4416 Im
2353 4377 2568 4416 manem
2599 4358 2808 4414 rabiem
2837 4357 3094 4414 violento
3121 4355 3330 4412 vertice
3362 4363 3628 4427 torquens

2260 4451 2499 4508 Molibus
2527 4449 2857 4517 undisonis;
2891 4449 2995 4506 hoc
3031 4447 3391 4506 tardabantur
3423 4453 3617 4502 euntes
3644 4462 3660 4510 ;

2177 4517 2225 4577 D
2257 4541 2414 4609 Quod
2445 4557 2557 4597 non
2588 4541 2698 4597 ﬁda
2719 4548 2939 4596 tumens
2967 4547 3186 4611 caperet
3214 4537 3448 4609 vestigia
3478 4550 3697 4607 gurges.

2248 4631 2538 4690 Confectus
2567 4631 2741 4698 senio,
2775 4629 3057 4687 confectus
3083 4628 3324 4701 denique
3359 4625 3551 4682 morbo

2251 4721 2402 4777 Unus
2441 4726 2589 4786 erat;
2627 4718 2802 4774 moles
2831 4716 3094 4774 miserum
3123 4716 3405 4788 duplicata
3435 4711 3762 4787 premebat;

2250 4810 2470 4884 Vixque
2503 4810 2684 4868 ferens
2710 4811 2977 4865 tremulos
3001 4807 3210 4881 plantis
3239 4804 3618 4862 titubantibus
3648 4810 3833 4869 artus,

2248 4901 2474 4957 Anxius
2504 4899 2766 4972 imposito
2795 4899 2999 4955 durum
3029 4896 3132 4955 sub
3165 4897 3309 4953 fasce
3341 4893 3613 4967 gemebat.

2245 4993 2492 5050 Antistes
2521 4992 2685 5049 solito
2715 4992 2982 5048 miserans
3011 4989 3383 5062 claudumque
3411 4999 3741 5056 senemque,

2243 5082 2468 5139 Attollit
2497 5082 2744 5156 proprias
2771 5081 2959 5138 miseri
2990 5087 3270 5153 gestamen
3299 5077 3359 5133 in
3388 5077 3573 5143 ulnas,

2242 5173 2522 5248 Transque
2567 5173 2699 5231 tulit
2729 5173 2954 5245 pelagus
2989 5189 3001 5227 :
3055 5184 3169 5227 non
3211 5167 3390 5226 secius
3435 5166 3554 5237 (3.,
3587 5163 3862 5244 segnius),

3252 5254 3436 5329 [amne
3466 5269 3750 5320 remenso,

2309 5433 2333 5468 δ
2347 5434 2426 5489 De
2447 5429 2736 5487 Annibalis
2757 5427 3110 5502 expeditione
3126 5425 3183 5481 in
3205 5424 3429 5502 Italiam
3441 5419 3860 5502 bello_secundo

2235 5503 2446 5560 Punico
2471 5503 2675 5559 videsis
2695 5494 2918 5557 Livium
2949 5499 3048 5556 lib.
3081 5515 3204 5566 XXI,
3231 5504 3325 5551 aut
3353 5494 3558 5551 Silium
3594 5494 3862 5566 Italicum

2235 5576 2360 5640 lib.,
2383 5591 2467 5643 ιιι,
2486 5576 2571 5630 vel
2590 5573 2754 5629 etiam
2772 5571 3092 5631 Cluverium
3109 5562 3281 5626 Italia;
3301 5567 3542 5638 antiquae
3561 5566 3602 5621 ι.
3625 5582 3666 5633 r,
3691 5582 3742 5622 c.
3767 5562 3860 5618 33.

2307 5684 2328 5709 ε
2367 5647 2433 5703 Id
2461 5651 2558 5715 est,
2587 5645 2830 5717 elephas.
