4066 6190
184 305 319 364 1189

1240 296 1335 358 DE
1375 299 1545 358 VITA
1584 301 1639 356 S.
1682 292 2022 360 GERMANI.
2061 333 2127 344 —
2167 302 2300 358 LIB.
2344 297 2414 360 V.

3352 306 3488 364 1190

181 461 538 533 Squalentem
570 466 624 515 et
653 459 896 515 tremulo
922 465 1257 516 marcentem
1286 474 1512 532 corpore
1539 459 1761 516 demum
1792 469 1841 527 Α
1865 457 2010 524 Quid
2048 464 2264 513 tontum
2295 458 2480 514 miseri
2510 457 2576 514 de
2617 466 2671 514 te
2702 460 2967 516 meruisse
2997 461 3299 531 putamur?

181 550 449 622 Supposta
472 548 685 605 cervice
714 548 882 618 subit,
915 547 1229 620 mediasque
1259 562 1356 618 per
1382 547 1558 604 undas

181 640 402 708 Evehit,
433 647 487 695 et
516 646 636 694 tuto
657 637 947 710 trajectum
972 639 1155 693 littore
1185 638 1362 709 ponit.

251 729 372 786 I33.
414 729 563 784 Inter
591 727 738 783 dicta
765 728 910 784 feror
940 727 1154 784 medius
1183 727 1523 801 dicendaque
1543 734 1730 784 vates:

182 819 305 875 Hec
334 823 598 874 revocant
621 834 635 884 ;
668 824 751 872 ast
781 817 878 872 illa
907 824 1108 875 vocant
1132 835 1144 874 :
1179 816 1408 874 debetur
1433 817 1699 889 utrisque.

181 907 281 964 Hic
330 922 547 964 mecum
613 905 846 963 subsiste
899 915 1104 975 tamen,
1151 923 1478 980 quocunque
1523 907 1767 963 locorum

180 997 502 1071 Digredior:
534 998 816 1070 stupidum
850 1001 1146 1070 percellent
1178 999 1412 1070 plurima
1439 1015 1679 1056 sensum.

181 1089 378 1146 Omnia
404 1089 542 1144 mira
568 1106 580 1155 ;
613 1090 772 1144 novis
802 1098 1088 1161 emergunt
1116 1098 1313 1146 cuncta
1343 1088 1532 1161 ﬁguris
1561 1107 1574 1157 ;
1691 1091 1694 1094 ’

180 1180 250 1236 At
283 1195 395 1234 non
423 1195 482 1235 se
510 1177 743 1250 speciem
776 1179 916 1235 ratio
945 1179 1140 1234 deﬁxit
1170 1179 1226 1233 in
1259 1179 1459 1234 ullam:

180 1267 425 1325 Pressius
454 1268 711 1324 obruitur
739 1284 920 1324 rerum
952 1267 1054 1324 sub
1085 1267 1322 1339 pondere
1363 1275 1588 1340 pectus;

180 1358 373 1415 Pectus
405 1357 620 1413 libratis
651 1358 943 1430 impellunt
963 1358 1180 1428 singula
1208 1357 1411 1413 verbis.

181 1447 484 1504 Germanus
512 1447 774 1502 miserum
809 1447 953 1504 collo
983 1453 1133 1501 trans
1162 1461 1382 1518 aequora
1408 1447 1580 1503 vexit.

179 1537 482 1593 Germanus
513 1536 796 1593 miserum.
829 1535 919 1592 Sic
946 1543 1001 1591 te
1031 1552 1263 1607 persona
1291 1534 1519 1608 fatigat;

178 1626 428 1698 Inclytus
466 1633 520 1681 et
549 1625 690 1681 nulli
720 1625 932 1697 generis
962 1625 1250 1696 splendore
1280 1625 1574 1693 secundus,

177 1716 448 1788 Dignatur
473 1716 720 1772 humeris
754 1717 1016 1772 miserum
1045 1717 1334 1772 sustollere
1365 1716 1645 1788 pulchris;

175 1805 335 1874 Quod
364 1823 476 1863 non
504 1807 627 1880 quis
653 1807 854 1863 faceret
883 1807 1058 1862 nostri
1090 1808 1176 1862 vel
1208 1806 1435 1862 inﬁmus
1464 1805 1590 1862 aevi.

176 1900 375 1968 Quaere
405 1900 633 1973 gradum
669 1917 680 1955 :
715 1905 832 1956 toto
864 1901 1060 1971 przesul
1093 1900 1413 1955 notissimus
1439 1898 1590 1967 orbe,

175 1992 272 2058 Da,
311 1991 402 2062 qui
434 2007 491 2046 se
525 1997 737 2046 tantum
768 1989 926 2046 malit
957 1989 1278 2044 submittere
1309 1988 1528 2060 praesul.

111 2117 116 2120 -
174 2081 419 2136 Etatem
443 2081 622 2152 poscis
642 2080 669 2136 ?
686 2079 879 2136 Senior
904 2079 1208 2150 plenusque
1227 2077 1444 2134 dierum
1468 2092 1481 2132 :

169 2168 425 2225 Oblitum
449 2168 658 2240 proprii
685 2185 798 2224 non
829 2166 1064 2221 mendax
1084 2165 1293 2222 dixeris
1331 2167 1455 2223 aevi.

167 2257 394 2324 Quanta
421 2256 701 2324 valetudo,
735 2255 882 2328 quod
910 2257 1097 2322 robur,
1126 2272 1368 2328 quarere
1399 2257 1579 2329 pergis
1600 2257 1628 2312 Ῠ

168 2348 491 2422 Squalidus,
524 2355 730 2404 aeterno
753 2346 931 2419 jejuni
964 2348 1165 2404 foedere
1201 2347 1399 2415 siccus,

169 2438 406 2495 Viscera
434 2438 524 2494 cui
555 2437 776 2506 macies,
811 2436 988 2509 pallor
1017 2436 1325 2492 confecerat
1351 2452 1466 2504 ora,

172 2529 386 2601 Aspera
417 2537 538 2598 post
567 2535 774 2599 septem
805 2526 1124 2583 recreabant
1164 2525 1368 2580 hordea
1393 2526 1557 2594 soles,

173 2620 403 2675 Defesso
431 2634 657 2690 pausam
687 2617 904 2673 telluris
938 2624 1087 2689 terga
1122 2616 1388 2685 ferebant,

177 2709 286 2766 Vix
315 2715 489 2776 artus,
523 2708 622 2762 vix
650 2706 745 2762 ille
773 2707 972 2774 ferens,
1011 2707 1110 2761 vix
1141 2706 1354 2761 ossibus
1383 2705 1616 2774 haerens,

175 2798 434 2870 Concipit
464 2797 739 2869 ingentem
768 2796 988 2868 pietatis
1011 2804 1230 2868 pectore
1258 2796 1381 2851 ﬁam
1393 2811 1556 2864 mam,

176 2889 425 2946 Pondere
455 2906 565 2945 non
597 2889 818 2957 fractus,
855 2890 1078 2961 refugus
1101 2904 1212 2944 non
1241 2889 1398 2960 plane
1427 2888 1639 2961 pericli,

175 2979 637 3052 Exhaustumque
668 2995 872 3047 senem,
899 2979 1052 3035 senio
1081 2979 1364 3036 confectus
1395 2985 1448 3033 et
1477 2977 1611 3049 ipse,

175 3071 342 3127 Pasce
379 3069 530 3143 prius
561 3071 750 3138 misso,
776 3069 1028 3125 tremulis
1053 3069 1362 3124 transvexit
1389 3067 1446 3122 in
1478 3067 1646 3124 ulnis.

175 3159 405 3232 Magnus
435 3160 492 3214 in
518 3159 754 3216 :ethereo
777 3159 972 3215 merito
1003 3157 1273 3230 reputaris
1297 3157 1555 3228 Olympo,

175 3250 374 3307 Juncte
403 3251 514 3305 Deo
545 3251 761 3322 praesul,
794 3249 885 3306 cui
923 3256 1004 3304 tot
1037 3249 1354 3304 holocausta
1381 3247 1598 3318 piorum

178 3339 512 3398 Concessum
544 3350 626 3396 est
655 3355 881 3411 operum
909 3339 1040 3410 Regi
1070 3346 1308 3394 mactare
1351 3336 1626 3408 polorum.

249 3436 373 3494 134.
416 3437 686 3494 Ulteriora
718 3445 904 3508 petens
941 3437 1147 3489 claram
1189 3433 1434 3488 defertur
1462 3431 1521 3486 in
1551 3429 1770 3499 urbem,

176 3524 356 3593 Quam
381 3525 754 3582 Mediolanum
780 3523 958 3577 fertur
985 3520 1192 3575 dixisse
1222 3528 1484 3575 vetustas.

174 3613 344 3670 Fama
371 3613 505 3670 serit
537 3613 873 3682 (quanquam
894 3609 1051 3663 famze
1081 3624 1192 3664 non
1219 3609 1464 3666 creditur
1484 3609 1662 3681 omni)

172 3703 466 3771 Quondam
500 3697 780 3754 intestinis
805 3699 1037 3771 ﬂagrans
1066 3697 1212 3770 quod
1240 3697 1417 3754 Gallia
1448 3698 1609 3756 bellis

169 3790 474 3864 Expulerit
501 3787 750 3860 proprios
794 3787 1036 3844 violento
1063 3788 1236 3844 Marte
1281 3791 1507 3848 colonos

171 3881 414 3939 Sedibus
440 3895 468 3935 e
505 3879 760 3952 propriis,
793 3881 950 3936 Latio
977 3881 1071 3952 qui
1113 3881 1251 3936 forte
1289 3883 1486 3952 coacti,

171 3975 330 4031 Hanc
367 3979 764 4028 exstruxerunt
799 3971 1016 4027 collatis
1041 3970 1277 4041 stipibus
1305 3971 1496 4026 urbem
1523 3991 1536 4038 ;

175 4065 436 4121 Dicentes
469 4061 670 4130 Medio,
709 4059 842 4117 facti
869 4059 935 4116 de
974 4058 1219 4126 nomine,
1252 4059 1485 4126 Lanum,

173 4152 356 4222 Quod,
381 4169 506 4210 cum
538 4152 714 4225 prima
739 4151 900 4207 novis
926 4155 1200 4206 struerent
1223 4147 1548 4204 fundamina
1576 4148 1769 4216 muris,

176 4246 358 4303 Lanea
388 4261 482 4303 sua
517 4244 698 4302 media
723 4243 1044 4317 perhibetur
1074 4251 1224 4315 parte
1253 4249 1467 4314 reperta
1494 4268 1534 4297 ι.

177 4337 297 4393 Huc
319 4335 528 4392 Praesul
559 4335 809 4404 veniens,
847 4349 1006 4390 auras
1058 4332 1268 4390 vitabat
1305 4333 1513 4400 inanes,

177 4426 437 4484 Obnixus
469 4423 648 4482 solitis
680 4439 794 4480 sese
831 4424 1013 4479 velare
1044 4421 1266 4478 latebris
1295 4440 1308 4488 ;

175 4515 413 4573 Delituit
449 4531 560 4572 non
591 4513 684 4570 ille
711 4520 914 4582 tamen,
939 4513 1071 4586 quin
1106 4511 1358 4584 protinus
1388 4508 1540 4564 omni

175 4603 312 4672 Quis
353 4614 658 4678 quantusve
705 4605 866 4671 foret,
912 4602 1125 4676 liquido
1151 4602 1470 4658 claresceret
1499 4597 1646 4654 urbi.
1687 4604 1693 4611 '

254 4695 377 4752 135.
421 4694 693 4752 Solemnis
722 4703 840 4751 tum
875 4694 1016 4750 forte
1045 4693 1163 4750 dies
1184 4695 1535 4749 contraxerat
1567 4687 1702 4744 illuc

178 4786 372 4843 Plures
402 4787 750 4858 pontificum,
783 4799 1101 4856 sacramque
1131 4789 1395 4854 geruntur
1427 4779 1495 4836 ad
1525 4795 1675 4835 aram

178 4875 392 4946 Divini,
423 4876 546 4949 quis
577 4875 921 4935 Christicolae
953 4881 1295 4946 vegetantur,
1325 4871 1581 4927 honores.

179 4967 496 5040 Ingreditur
518 4966 787 5039 placidam
816 4966 1015 5039 praesul
1045 4965 1348 5020 Germanus
1381 4962 1438 5018 in
1473 4961 1654 5018 aulam

183 5056 431 5127 Ignotus,
466 5055 696 5112 humilis
728 5054 950 5125 abjectze
989 5053 1226 5124 tegmine
1273 5051 1463 5107 vestis.

179 5143 478 5216 Extemplo
506 5143 749 5216 quidam,
784 5159 934 5199 nexu
959 5157 1119 5214 quem
1151 5139 1408 5195 vinxerat
1436 5138 1612 5195 hostis

178 5235 518 5304 Daemonico,
553 5251 753 5294 vacuas
779 5234 973 5308 implet
997 5230 1331 5290 clamoribus
1359 5245 1518 5286 auras
1547 5247 1559 5286 :

182 5325 296 5384 Cur
323 5343 422 5383 nos
449 5325 655 5385 Italicis
683 5342 862 5398 urges,
894 5323 1184 5392 Germane,
1212 5319 1312 5378 sub
1347 5317 1508 5375 oris?

249 5491 272 5519 ι
305 5479 384 5536 De
414 5478 518 5552 hac
537 5477 749 5551 origine
764 5477 1023 5552 nominis
1043 5467 1776 5552 Mediolanicon-sule‘Lean-

183 5551 344 5606 drum
384 5539 693 5618 Albertum,
724 5550 818 5606 ubi
851 5549 918 5605 de
946 5549 1048 5605 hac
1075 5547 1210 5604 urbe
1243 5545 1356 5618 agit
1371 5543 1430 5603 in
1445 5539 1777 5601 Lombardia

184 5620 570 5679 Transpadana
605 5639 796 5679 versus
827 5621 1088 5678 medium.

251 5712 278 5748 δ
322 5695 388 5750 Id
418 5701 512 5765 est,
544 5695 785 5756 indicem
822 5709 1238 5767 mergumenum.

1807 3191 1856 3253 C

1877 552 1995 606 Heu
2025 550 2242 606 feritas!
2278 551 2395 606 Heu
2441 551 2684 608 crudelis
2713 552 2981 608 violentia
3010 569 3192 608 rerum
3217 553 3229 608 l

1876 638 1987 696 Nec
2013 640 2202 712 pelago
2242 641 2392 695 locus
2426 648 2526 706 est,
2559 641 2690 712 ipsis
2723 641 3076 698 excludimur
3101 641 3270 696 arvis.

1877 729 2060 802 Nuper
2089 722 2372 784 Gallorum
2410 729 2554 800 pulsi
2583 731 2956 786 concessimus
2979 730 3091 785 oris
3119 749 3132 797 ;

1876 816 2117 872 Przebuit
2149 818 2397 873 Oceanus
2420 817 2594 888 pelagi
2632 817 2778 871 inter
2807 827 2959 872 vasta
2991 818 3255 874 latebram
3287 835 3299 874 :

1879 908 2020 963 Hinc
2049 924 2265 980 quoque
2286 908 2538 963 detrusos
2564 907 2836 978 precibus,
2864 909 3152 977 Germane,
3184 909 3412 980 fugasti.

1878 996 2078 1052 Omnia
2105 996 2238 1068 quid
2278 1003 2530 1068 penetras
2552 997 2579 1051 ?
2614 997 2777 1052 Orbis
2808 997 2944 1068 quid
2974 996 3140 1052 devia
3172 997 3415 1052 lustras?

1880 1085 2101 1152 Desine,
2133 1093 2186 1140 et
2216 1093 2458 1157 optatam
2490 1085 2648 1140 fessis
2680 1086 2934 1155 permitte
2966 1086 3230 1157 quietem.

1880 1173 2224 1245 Obstupuere
2253 1172 2452 1228 animis
2479 1190 2492 1239 ;
2539 1189 2813 1244 exangues
2844 1173 3094 1244 implicat
3124 1184 3275 1231 artus

1882 1261 2190 1333 Conceptus
2221 1261 2323 1318 hac
2353 1279 2488 1318 voce
2518 1270 2760 1317 tremor:
2795 1263 2856 1317 ﬁt
2895 1263 3124 1334 quaestio
3154 1265 3380 1335 passim,

1880 1347 2015 1417 Quis
2045 1351 2351 1407 Germanus
2387 1360 2525 1417 erat,
2558 1368 2718 1424 quem
2749 1368 2860 1406 vox
2890 1353 3077 1408 audita
3107 1353 3342 1425 petebat.

1957 1443 2078 1500 136.
2128 1444 2454 1516 Compertus
2506 1445 2726 1501 tandem
2781 1455 2861 1502 est
2907 1448 3154 1518 praeclari
3213 1446 3488 1504 schemate

3133 1534 3346 1610 [vultus
3363 1555 3375 1601 ;

1882 1626 2089 1684 Caetera
2117 1627 2393 1699 plebeium
2424 1628 2671 1685 referunt
2701 1630 2939 1702 insignia
2967 1629 3199 1685 cultum.

1882 1715 2200 1785 Consultus,
2233 1734 2344 1773 non
2376 1734 2505 1774 sane
2541 1719 2791 1790 gradum,
2824 1735 2934 1774 non
2975 1719 3068 1774 ille
3098 1720 3339 1791 negavit.

1804 1826 1849 1885 Β
1881 1805 2095 1864 Cornua
2124 1809 2448 1881 pontiﬁcum
2491 1821 2780 1868 veneratur
2809 1811 3002 1868 concio
3033 1819 3279 1868 sanctum
3308 1829 3321 1879 ;

1884 1897 2098 1953 Viseret
2127 1905 2296 1970 utque
2328 1901 2411 1955 sui
2447 1901 2677 1958 latorem
2708 1904 2731 1938 υ
2762 1901 3027 1968 nominis,
3059 1918 3271 1969 omnes,

1882 1985 2110 2043 Collatis
2140 1989 2415 2058 precibus,
2450 1991 2594 2046 votis
2623 1993 3012 2048 communibus
3043 1992 3270 2060 instant,

1882 2074 2191 2130 Parendum
2223 2078 2425 2132 sanctis
2463 2081 2660 2149 praesul
2702 2097 2799 2151 pro
2839 2088 3084 2152 tempore
3114 2081 3344 2144 ducens,

1882 2163 2130 2221 Secretos
2161 2165 2354 2234 subiit,
2396 2167 2596 2223 misero
2629 2169 2949 2238 comitante,
2989 2184 3256 2236 recessus,

1882 2255 2175 2327 Conceptis
2212 2271 2323 2310 non
2355 2257 2528 2311 multa
2567 2257 2674 2311 fuit
2714 2257 2910 2314 dilatio
2942 2260 3088 2315 votis
3118 2278 3129 2316 :

1881 2343 2115 2412 Prodiit,
2145 2353 2198 2400 et
2229 2344 2372 2400 faeda
2402 2353 2695 2417 purgatum
2728 2355 2876 2418 peste
2907 2347 3196 2418 reducens,

1882 2435 2222 2490 Incolumem
2256 2435 2474 2506 populis
2504 2435 2734 2506 pulchra
2779 2439 2985 2494 virtute
3015 2440 3268 2498 reforma.

1883 2527 2000 2583 Hoc
2026 2527 2203 2595 Pater,
2237 2525 2342 2584 hoc
2379 2527 2619 2598 primum
2652 2527 2821 2584 Latiis
2850 2529 3094 2586 innotuit
3123 2532 3271 2588 arvis

1882 2616 2168 2690 Auspicio.
2198 2617 2327 2673 Mox
2356 2615 2589 2674 diversis
2619 2634 2648 2674 e
2677 2619 2925 2689 partibus
2954 2636 3147 2676 omnes

1883 2709 2236 2766 Concurrunt
2271 2708 2483 2779 papuli,
2521 2708 2962 2783 pervulgataeque
2992 2710 3342 2784 frequentant

1881 2799 2084 2856 Munus
2119 2797 2258 2868 opis.
2303 2797 2440 2852 Tum
2471 2798 2742 2854 consertis
2770 2799 2838 2854 ad
2881 2799 3136 2871 dogmata
3172 2802 3343 2873 signis
3372 2817 3414 2870 ι’,

1885 2888 1975 2946 Sic
2003 2887 2218 2959 probris
2246 2887 2476 2953 animas,
2509 2887 2588 2943 sic
2619 2904 2848 2960 corpora
2877 2889 3030 2944 clade
3064 2890 3300 2947 levabat.

1961 2975 2081 3031 137.
2125 2974 2273 3029 Exin
2305 2974 2583 3030 multiflua
2613 2977 2810 3048 prresul
2843 2975 3119 3046 digressus
3149 2977 3215 3032 ab
3245 2975 3380 3034 urbe

1883 3064 2206 3136 Susceptum
2238 3064 2682 3138 provehebatiter
2730 3065 2986 3120 felicibus
3017 3067 3130 3120 oris
3158 3084 3170 3121 :

1887 3156 2140 3212 Occurrit
2173 3155 2422 3210 mendica
2447 3171 2662 3222 manus,
2693 3155 3001 3226 stipemque
3029 3154 3263 3226 petebat,

1885 3246 2057 3300 Docta
2081 3254 2135 3300 et
2162 3244 2441 3300 suﬁiciens
2469 3244 2648 3299 aliena
2679 3244 2868 3300 vivere
2895 3243 3124 3317 quadra.

1883 3333 2134 3391 Consulit
2167 3333 2395 3389 antistes
2425 3340 2676 3404 sumptus
2705 3333 2917 3390 ratione
2946 3333 2971 3370 τι
2999 3333 3340 3390 ministrum.

1885 3422 2149 3481 Conscius
2176 3424 2270 3479 ille
2297 3423 2425 3491 sibi,
2456 3430 2676 3478 ternum
2707 3439 2987 3494 superesse
3032 3422 3321 3491 nomisma,

1884 3513 2139 3587 Amplius
2186 3513 2334 3571 haud
2391 3513 2692 3587 quidquam
2755 3521 3007 3586 sumptus
3073 3512 3377 3585 respondit,
3425 3513 3484 3570 in

3139 3599 3250 3676 [om
3258 3619 3376 3662 nes.

1884 3695 2013 3751 Mox
2036 3695 2195 3767 jubet
2220 3695 2462 3768 indignis
2487 3695 2672 3768 largiri
2695 3704 2894 3752 cuncta
2921 3694 3176 3752 misellis.

1885 3785 2144 3842 Victuros
2165 3787 2329 3843 hodie
2359 3805 2458 3843 nos
2485 3787 2650 3856 unde,
2683 3787 2948 3844 diaconus
2987 3787 3190 3861 inquit,

1885 3875 2099 3945 Sancte,
2138 3886 2296 3949 putas
2318 3878 2345 3933 ‘f
2373 3877 2493 3933 Non
2524 3877 2602 3933 fas
2635 3876 2857 3934 Christo
2886 3875 3156 3946 difﬁdere,
3189 3877 3372 3946 dixit;

1885 3963 2072 4022 Pascet
2100 3975 2154 4022 at
2188 3969 2280 4024 ille
2309 3985 2435 4024 suos
2467 3968 2573 4039 (nil
2609 3983 2756 4024 nunc
2783 3969 3093 4039 vereamur)
3138 3983 3371 4040 egenos:

1885 4055 1966 4110 Tu
2004 4056 2186 4125 modo,
2220 4060 2367 4130 quod
2397 4061 2539 4130 potis
2572 4066 2672 4128 est,
2707 4059 2898 4131 inopes
2926 4075 3115 4116 curare
3147 4067 3445 4118 memento.

1884 4144 2119 4220 Venturi
2147 4155 2358 4213 cautus,
2395 4163 2706 4218 quanquam
2743 4165 2856 4204 non
2884 4149 3030 4219 jure,
3063 4151 3338 4220 minister,

1884 4236 2243 4308 Largiturque
2265 4237 2423 4304 duos,
2456 4253 2738 4308 unumque
2767 4239 2826 4291 in
2856 4246 3071 4307 postera
3099 4249 3300 4295 servat.

1880 4327 2002 4382 Non
2030 4326 2169 4380 lucri
2210 4333 2445 4392 tantum,
2480 4324 2691 4393 damni,
2723 4324 2813 4380 vir
2856 4325 3106 4396 provide,
3140 4334 3408 4396 quantum

1881 4416 1994 4471 Hac
2025 4414 2145 4471 vice
2173 4413 2449 4484 struxisti,
2481 4424 2728 4472 temnens
2758 4420 3025 4486 praecepta
3053 4413 3296 4484 Magistri
3322 4431 3335 4480 ;

1882 4505 2255 4576 Lucratusque
2287 4520 2500 4576 parum,
2543 4501 2794 4558 meruisti
2824 4501 3047 4575 perdere
3077 4503 3334 4560 multum.

1880 4595 1970 4652 Sic
2001 4594 2249 4651 vindicta
2279 4608 2504 4665 sequax,
2535 4591 2614 4649 sic
2637 4598 2829 4646 votum
2857 4590 2988 4646 lusit
3015 4607 3260 4646 avarum.

1959 4684 2079 4740 138.
2104 4686 2356 4756 Dumque
2372 4683 2476 4739 iter
2491 4681 2821 4754 expediunt;
2840 4680 3030 4753 rapido
3047 4680 3260 4737 fervore
3271 4680 3474 4749 citatis,

1885 4773 2047 4842 Ecce,
2080 4773 2185 4830 viri
2217 4780 2518 4830 cernuntur
2546 4771 2701 4844 equis
2723 4779 2844 4843 post
2871 4777 3020 4842 terga
3051 4776 3328 4828 meantum
3355 4789 3365 4827 :

1884 4864 2167 4920 Desiluere
2196 4863 2350 4920 brevi
2377 4882 2390 4931 ;
2425 4862 2734 4934 sanctisque
2764 4860 2822 4916 in
2866 4861 3090 4933 pulvere
3120 4860 3230 4917 fusi

1886 4953 2260 5012 Procumbunt
2288 4953 2555 5026 pedibus;
2591 4960 2706 5007 tum
2739 4949 2818 5007 sic
2850 4950 2908 5006 in
2939 4950 3106 5007 verba
3135 4949 3416 5006 feruntur:

1886 5045 2044 5102 Haud
2070 5047 2260 5118 procul
2293 5045 2424 5101 hinc
2453 5043 2741 5099 dominum
2771 5048 3022 5115 spectata
3057 5039 3384 5109 nobilitatis,

1886 5137 2143 5192 Fortuna
2170 5133 2422 5203 celebris,
2452 5133 2696 5205 przecelsi
2723 5130 2885 5203 juris,
2920 5129 3185 5186 habemus
3214 5147 3227 5196 ;

1885 5228 2059 5297 Quem
2089 5231 2250 5287 saevis
2290 5238 2446 5302 urget
2468 5226 2683 5301 jactura
2711 5226 3010 5286 domestica
3037 5227 3196 5284 nodis
3221 5243 3232 5282 :

1887 5323 2024 5382 Cum
2054 5322 2298 5392 famulis,
2330 5321 2590 5395 omnique
2620 5321 2786 5377 domo
2817 5319 3153 5392 (miserabile
3181 5317 3335 5375 dictu
3359 5317 3370 5372 l
3397 5317 3418 5388 )

1954 5487 1975 5515 ο
2010 5473 2275 5531 Consertis
2300 5474 2370 5528 ad
2395 5474 2640 5545 dogmata
2666 5472 2848 5544 signis,
2878 5469 2935 5527 id
2952 5476 3052 5539 est,
3075 5468 3350 5543 adjunctis
3368 5469 3480 5530 d0-

1883 5545 2073 5604 ctrinaa
2103 5546 2403 5602 miraculis.

1953 5631 1977 5668 ἀ
2008 5619 2118 5674 Pro
2143 5618 2210 5675 de
2239 5617 2470 5673 ratione.
