  <div class='ocr_page' id='page_1' title='image "/cluster/home/n/w/nwhite01/storage/ocr_20150623/124/hvd.32044054759865/601.png"; bbox 0 0 4074 6186; ppageno 0'>
   <div class='ocr_carea' id='block_1_1' title="bbox 536 285 671 343">
    <p class='ocr_par' dir='ltr' id='par_1_1' title="bbox 536 285 671 343">
     <span class='ocr_line' id='line_1_1' title="bbox 536 285 671 343; baseline -0.015 0"><span class='ocrx_word' id='word_1_1' title='bbox 536 285 671 343; x_wconf 72' lang='lat' dir='ltr'>HM</span> 
     </span>
    </p>
   </div>
   <div class='ocr_carea' id='block_1_2' title="bbox 534 426 1973 504">
    <p class='ocr_par' dir='ltr' id='par_1_2' title="bbox 534 426 1973 504">
     <span class='ocr_line' id='line_1_2' title="bbox 534 426 1973 504; baseline -0.01 -8"><span class='ocrx_word' id='word_1_2' title='bbox 534 436 807 504; x_wconf 89' lang='lat' dir='ltr'>Decubat,</span> <span class='ocrx_word' id='word_1_3' title='bbox 838 432 1146 491; x_wconf 85' lang='lat' dir='ltr'>innumeris</span> <span class='ocrx_word' id='word_1_4' title='bbox 1181 430 1435 488; x_wconf 79' lang='lat' dir='ltr'>addictus</span> <span class='ocrx_word' id='word_1_5' title='bbox 1463 428 1699 502; x_wconf 90' lang='lat' dir='ltr'>denique</span> <span class='ocrx_word' id='word_1_6' title='bbox 1726 426 1933 483; x_wconf 83' lang='lat' dir='ltr'>morbis</span> <span class='ocrx_word' id='word_1_7' title='bbox 1961 443 1973 483; x_wconf 93' lang='lat'>:</span> 
     </span>
    </p>
   </div>
   <div class='ocr_carea' id='block_1_3' title="bbox 535 520 1692 594">
    <p class='ocr_par' dir='ltr' id='par_1_3' title="bbox 535 520 1692 594">
     <span class='ocr_line' id='line_1_3' title="bbox 535 520 1692 594; baseline -0.009 -11"><span class='ocrx_word' id='word_1_8' title='bbox 535 527 626 584; x_wconf 88' lang='lat' dir='ltr'>Sic</span> <span class='ocrx_word' id='word_1_9' title='bbox 651 534 816 594; x_wconf 91' lang='lat' dir='ltr'>certe,</span> <span class='ocrx_word' id='word_1_10' title='bbox 839 525 919 580; x_wconf 92' lang='lat' dir='ltr'>sic</span> <span class='ocrx_word' id='word_1_11' title='bbox 947 524 1041 579; x_wconf 89' lang='lat' dir='ltr'>ille</span> <span class='ocrx_word' id='word_1_12' title='bbox 1071 538 1188 588; x_wconf 89' lang='lat' dir='ltr'>sua,</span> <span class='ocrx_word' id='word_1_13' title='bbox 1218 522 1298 577; x_wconf 90' lang='lat' dir='ltr'>sic</span> <span class='ocrx_word' id='word_1_14' title='bbox 1325 520 1419 575; x_wconf 92' lang='lat' dir='ltr'>ille</span> <span class='ocrx_word' id='word_1_15' title='bbox 1447 535 1692 575; x_wconf 90' lang='lat' dir='ltr'>suorum.</span> 
     </span>
    </p>
   </div>
   <div class='ocr_carea' id='block_1_4' title="bbox 537 605 2134 687">
    <p class='ocr_par' dir='ltr' id='par_1_4' title="bbox 537 605 2134 687">
     <span class='ocr_line' id='line_1_4' title="bbox 537 605 2134 687; baseline -0.009 -14"><span class='ocrx_word' id='word_1_16' title='bbox 537 616 702 673; x_wconf 88' lang='lat' dir='ltr'>Clade</span> <span class='ocrx_word' id='word_1_17' title='bbox 752 630 990 687; x_wconf 83' lang='lat' dir='ltr'>gemens,</span> <span class='ocrx_word' id='word_1_18' title='bbox 1041 612 1296 667; x_wconf 85' lang='lat' dir='ltr'>miseram</span> <span class='ocrx_word' id='word_1_19' title='bbox 1359 608 1767 681; x_wconf 89' lang='lat' dir='ltr'>quamprimum</span> <span class='ocrx_word' id='word_1_20' title='bbox 1810 605 2134 675; x_wconf 82' lang='lat' dir='ltr'>abrumpere</span> 
     </span>
    </p>
   </div>
   <div class='ocr_carea' id='block_1_5' title="bbox 1828 694 2045 768">
    <p class='ocr_par' dir='ltr' id='par_1_5' title="bbox 1828 694 2045 768">
     <span class='ocr_line' id='line_1_5' title="bbox 1828 694 2045 768; baseline 0 -19"><span class='ocrx_word' id='word_1_21' title='bbox 1828 694 2045 768; x_wconf 35' lang='lat' dir='ltr'>[vitam,</span> 
     </span>
    </p>
   </div>
   <div class='ocr_carea' id='block_1_6' title="bbox 536 787 1736 864">
    <p class='ocr_par' dir='ltr' id='par_1_6' title="bbox 536 787 1736 864">
     <span class='ocr_line' id='line_1_6' title="bbox 536 787 1736 864; baseline -0.008 -12"><span class='ocrx_word' id='word_1_22' title='bbox 536 795 765 864; x_wconf 73' lang='lat' dir='ltr'>Quaerit,</span> <span class='ocrx_word' id='word_1_23' title='bbox 796 802 850 850; x_wconf 90' lang='lat' dir='ltr'>et</span> <span class='ocrx_word' id='word_1_24' title='bbox 880 791 1090 848; x_wconf 91' lang='lat' dir='ltr'>invisos</span> <span class='ocrx_word' id='word_1_25' title='bbox 1118 789 1270 845; x_wconf 83' lang='lat' dir='ltr'>letho</span> <span class='ocrx_word' id='word_1_26' title='bbox 1299 788 1459 844; x_wconf 91' lang='lat' dir='ltr'>ﬁnire</span> <span class='ocrx_word' id='word_1_27' title='bbox 1491 787 1736 854; x_wconf 90' lang='lat' dir='ltr'>labores;</span> 
     </span>
    </p>
   </div>
   <div class='ocr_carea' id='block_1_7' title="bbox 537 877 2023 957">
    <p class='ocr_par' dir='ltr' id='par_1_7' title="bbox 537 877 2023 957">
     <span class='ocr_line' id='line_1_7' title="bbox 537 877 2023 957; baseline -0.009 -14"><span class='ocrx_word' id='word_1_28' title='bbox 537 884 815 957; x_wconf 84' lang='lat' dir='ltr'>Comperit</span> <span class='ocrx_word' id='word_1_29' title='bbox 845 891 901 938; x_wconf 93' lang='lat' dir='ltr'>at</span> <span class='ocrx_word' id='word_1_30' title='bbox 928 890 1237 955; x_wconf 84' lang='lat' dir='ltr'>postquam,</span> <span class='ocrx_word' id='word_1_31' title='bbox 1276 886 1489 935; x_wconf 90' lang='lat' dir='ltr'>nostras</span> <span class='ocrx_word' id='word_1_32' title='bbox 1521 895 1618 933; x_wconf 92' lang='lat' dir='ltr'>vos</span> <span class='ocrx_word' id='word_1_33' title='bbox 1650 877 1727 932; x_wconf 87' lang='lat' dir='ltr'>ire</span> <span class='ocrx_word' id='word_1_34' title='bbox 1760 892 1855 949; x_wconf 90' lang='lat' dir='ltr'>per</span> <span class='ocrx_word' id='word_1_35' title='bbox 1882 893 2023 944; x_wconf 90' lang='lat' dir='ltr'>oras,</span> 
     </span>
    </p>
   </div>
   <div class='ocr_carea' id='block_1_8' title="bbox 534 964 2129 1045">
    <p class='ocr_par' dir='ltr' id='par_1_8' title="bbox 534 964 2129 1045">
     <span class='ocr_line' id='line_1_8' title="bbox 534 964 2129 1045; baseline -0.008 -13"><span class='ocrx_word' id='word_1_36' title='bbox 534 974 827 1045; x_wconf 84' lang='lat' dir='ltr'>Ambiguis</span> <span class='ocrx_word' id='word_1_37' title='bbox 851 973 1052 1029; x_wconf 87' lang='lat' dir='ltr'>animis</span> <span class='ocrx_word' id='word_1_38' title='bbox 1072 988 1195 1043; x_wconf 86' lang='lat' dir='ltr'>spes</span> <span class='ocrx_word' id='word_1_39' title='bbox 1212 977 1295 1025; x_wconf 91' lang='lat' dir='ltr'>est</span> <span class='ocrx_word' id='word_1_40' title='bbox 1316 970 1523 1040; x_wconf 90' lang='lat' dir='ltr'>relapsa</span> <span class='ocrx_word' id='word_1_41' title='bbox 1543 966 1658 1040; x_wconf 92' lang='lat' dir='ltr'>[B.,</span> <span class='ocrx_word' id='word_1_42' title='bbox 1684 966 1899 1039; x_wconf 85' lang='lat' dir='ltr'>illapsa]</span> <span class='ocrx_word' id='word_1_43' title='bbox 1918 964 2129 1020; x_wconf 89' lang='lat' dir='ltr'>salutis.</span> 
     </span>
    </p>
   </div>
   <div class='ocr_carea' id='block_1_9' title="bbox 536 1059 2096 1136">
    <p class='ocr_par' dir='ltr' id='par_1_9' title="bbox 536 1059 2096 1136">
     <span class='ocr_line' id='line_1_9' title="bbox 536 1059 2096 1136; baseline -0.007 -15"><span class='ocrx_word' id='word_1_44' title='bbox 536 1063 672 1136; x_wconf 88' lang='lat' dir='ltr'>Ejus</span> <span class='ocrx_word' id='word_1_45' title='bbox 702 1080 850 1119; x_wconf 91' lang='lat' dir='ltr'>nunc</span> <span class='ocrx_word' id='word_1_46' title='bbox 879 1063 946 1118; x_wconf 90' lang='lat' dir='ltr'>ad</span> <span class='ocrx_word' id='word_1_47' title='bbox 975 1078 1076 1116; x_wconf 89' lang='lat' dir='ltr'>vos</span> <span class='ocrx_word' id='word_1_48' title='bbox 1101 1059 1331 1115; x_wconf 90' lang='lat' dir='ltr'>ferimus</span> <span class='ocrx_word' id='word_1_49' title='bbox 1362 1059 1738 1129; x_wconf 88' lang='lat' dir='ltr'>lacrymasque</span> <span class='ocrx_word' id='word_1_50' title='bbox 1767 1070 2061 1127; x_wconf 87' lang='lat' dir='ltr'>precesque</span> <span class='ocrx_word' id='word_1_51' title='bbox 2085 1072 2096 1110; x_wconf 90' lang='lat'>:</span> 
     </span>
    </p>
   </div>
   <div class='ocr_carea' id='block_1_10' title="bbox 536 1148 1842 1226">
    <p class='ocr_par' dir='ltr' id='par_1_10' title="bbox 536 1148 1842 1226">
     <span class='ocr_line' id='line_1_10' title="bbox 536 1148 1842 1226; baseline -0.008 -16"><span class='ocrx_word' id='word_1_52' title='bbox 536 1152 591 1210; x_wconf 89' lang='lat' dir='ltr'>Si</span> <span class='ocrx_word' id='word_1_53' title='bbox 625 1153 826 1226; x_wconf 90' lang='lat' dir='ltr'>poterit</span> <span class='ocrx_word' id='word_1_54' title='bbox 852 1152 1081 1223; x_wconf 90' lang='lat' dir='ltr'>dignum</span> <span class='ocrx_word' id='word_1_55' title='bbox 1112 1151 1286 1223; x_wconf 90' lang='lat' dir='ltr'>pietas</span> <span class='ocrx_word' id='word_1_56' title='bbox 1310 1148 1366 1204; x_wconf 88' lang='lat' dir='ltr'>id</span> <span class='ocrx_word' id='word_1_57' title='bbox 1403 1148 1602 1203; x_wconf 90' lang='lat' dir='ltr'>ducere</span> <span class='ocrx_word' id='word_1_58' title='bbox 1640 1155 1842 1214; x_wconf 87' lang='lat' dir='ltr'>vestra,</span> 
     </span>
    </p>
   </div>
   <div class='ocr_carea' id='block_1_11' title="bbox 533 1236 1913 1315">
    <p class='ocr_par' dir='ltr' id='par_1_11' title="bbox 533 1236 1913 1315">
     <span class='ocr_line' id='line_1_11' title="bbox 533 1236 1913 1315; baseline -0.007 -15"><span class='ocrx_word' id='word_1_59' title='bbox 533 1242 711 1300; x_wconf 86' lang='lat' dir='ltr'>Visite</span> <span class='ocrx_word' id='word_1_60' title='bbox 739 1244 1086 1315; x_wconf 78' lang='lat' dir='ltr'>languentem</span> <span class='ocrx_word' id='word_1_61' title='bbox 1113 1259 1126 1309; x_wconf 93' lang='lat'>;</span> <span class='ocrx_word' id='word_1_62' title='bbox 1160 1240 1431 1295; x_wconf 90' lang='lat' dir='ltr'>submisso</span> <span class='ocrx_word' id='word_1_63' title='bbox 1461 1245 1677 1309; x_wconf 85' lang='lat' dir='ltr'>pectore</span> <span class='ocrx_word' id='word_1_64' title='bbox 1702 1236 1877 1309; x_wconf 86' lang='lat' dir='ltr'>poscit</span> <span class='ocrx_word' id='word_1_65' title='bbox 1902 1253 1913 1291; x_wconf 92' lang='lat'>:</span> 
     </span>
    </p>
   </div>
   <div class='ocr_carea' id='block_1_12' title="bbox 533 1324 2133 1406">
    <p class='ocr_par' dir='ltr' id='par_1_12' title="bbox 533 1324 2133 1406">
     <span class='ocr_line' id='line_1_12' title="bbox 533 1324 2133 1406; baseline -0.005 -18"><span class='ocrx_word' id='word_1_66' title='bbox 533 1332 640 1390; x_wconf 91' lang='lat' dir='ltr'>Seu</span> <span class='ocrx_word' id='word_1_67' title='bbox 654 1334 899 1391; x_wconf 90' lang='lat' dir='ltr'>violenta</span> <span class='ocrx_word' id='word_1_68' title='bbox 920 1349 1106 1406; x_wconf 86' lang='lat' dir='ltr'>preces</span> <span class='ocrx_word' id='word_1_69' title='bbox 1136 1332 1435 1388; x_wconf 90' lang='lat' dir='ltr'>absumunt</span> <span class='ocrx_word' id='word_1_70' title='bbox 1457 1326 1567 1402; x_wconf 87' lang='lat' dir='ltr'>[B.,</span> <span class='ocrx_word' id='word_1_71' title='bbox 1596 1324 1959 1399; x_wconf 85' lang='lat' dir='ltr'>abrumpunt]</span> <span class='ocrx_word' id='word_1_72' title='bbox 1992 1324 2133 1381; x_wconf 89' lang='lat' dir='ltr'>seria</span> 
     </span>
    </p>
   </div>
   <div class='ocr_carea' id='block_1_13' title="bbox 1760 1416 2020 1490">
    <p class='ocr_par' dir='ltr' id='par_1_13' title="bbox 1760 1416 2020 1490">
     <span class='ocr_line' id='line_1_13' title="bbox 1760 1416 2020 1490; baseline 0 -18"><span class='ocrx_word' id='word_1_73' title='bbox 1760 1416 2020 1490; x_wconf 88' lang='lat' dir='ltr'>[nostras,</span> 
     </span>
    </p>
   </div>
   <div class='ocr_carea' id='block_1_14' title="bbox 530 1507 2021 1583">
    <p class='ocr_par' dir='ltr' id='par_1_14' title="bbox 530 1507 2021 1583">
     <span class='ocr_line' id='line_1_14' title="bbox 530 1507 2021 1583; baseline -0.005 -15"><span class='ocrx_word' id='word_1_74' title='bbox 530 1511 641 1569; x_wconf 86' lang='lat' dir='ltr'>Nec</span> <span class='ocrx_word' id='word_1_75' title='bbox 670 1510 814 1583; x_wconf 86' lang='lat' dir='ltr'>potis</span> <span class='ocrx_word' id='word_1_76' title='bbox 842 1520 923 1567; x_wconf 90' lang='lat' dir='ltr'>est</span> <span class='ocrx_word' id='word_1_77' title='bbox 951 1510 1118 1569; x_wconf 87' lang='lat' dir='ltr'>itiner</span> <span class='ocrx_word' id='word_1_78' title='bbox 1148 1525 1423 1583; x_wconf 90' lang='lat' dir='ltr'>quoquam</span> <span class='ocrx_word' id='word_1_79' title='bbox 1455 1507 1715 1564; x_wconf 88' lang='lat' dir='ltr'>desistere</span> <span class='ocrx_word' id='word_1_80' title='bbox 1739 1514 1978 1579; x_wconf 85' lang='lat' dir='ltr'>coeptum</span> <span class='ocrx_word' id='word_1_81' title='bbox 2008 1524 2021 1572; x_wconf 94' lang='lat'>;</span> 
     </span>
    </p>
   </div>
   <div class='ocr_carea' id='block_1_15' title="bbox 530 1595 1883 1673">
    <p class='ocr_par' dir='ltr' id='par_1_15' title="bbox 530 1595 1883 1673">
     <span class='ocr_line' id='line_1_15' title="bbox 530 1595 1883 1673; baseline -0.004 -16"><span class='ocrx_word' id='word_1_82' title='bbox 530 1604 604 1657; x_wconf 84' lang='lat' dir='ltr'>At</span> <span class='ocrx_word' id='word_1_83' title='bbox 632 1601 885 1673; x_wconf 87' lang='lat' dir='ltr'>precibus</span> <span class='ocrx_word' id='word_1_84' title='bbox 907 1601 1073 1672; x_wconf 91' lang='lat' dir='ltr'>justis</span> <span class='ocrx_word' id='word_1_85' title='bbox 1092 1600 1403 1657; x_wconf 91' lang='lat' dir='ltr'>benedictio</span> <span class='ocrx_word' id='word_1_86' title='bbox 1426 1598 1617 1671; x_wconf 83' lang='lat' dir='ltr'>juncta</span> <span class='ocrx_word' id='word_1_87' title='bbox 1647 1595 1883 1653; x_wconf 87' lang='lat' dir='ltr'>salubris</span> 
     </span>
    </p>
   </div>
   <div class='ocr_carea' id='block_1_16' title="bbox 530 1686 1806 1763">
    <p class='ocr_par' dir='ltr' id='par_1_16' title="bbox 530 1686 1806 1763">
     <span class='ocr_line' id='line_1_16' title="bbox 530 1686 1806 1763; baseline -0.004 -16"><span class='ocrx_word' id='word_1_88' title='bbox 530 1690 859 1763; x_wconf 90' lang='lat' dir='ltr'>Compenset</span> <span class='ocrx_word' id='word_1_89' title='bbox 907 1692 1096 1746; x_wconf 90' lang='lat' dir='ltr'>vultus</span> <span class='ocrx_word' id='word_1_90' title='bbox 1138 1690 1537 1747; x_wconf 86' lang='lat' dir='ltr'>oblectamenta</span> <span class='ocrx_word' id='word_1_91' title='bbox 1589 1686 1806 1759; x_wconf 87' lang='lat' dir='ltr'>negati:</span> 
     </span>
    </p>
   </div>
   <div class='ocr_carea' id='block_1_17' title="bbox 532 1781 1774 1851">
    <p class='ocr_par' dir='ltr' id='par_1_17' title="bbox 532 1781 1774 1851">
     <span class='ocr_line' id='line_1_17' title="bbox 532 1781 1774 1851; baseline -0.002 -14"><span class='ocrx_word' id='word_1_92' title='bbox 532 1781 649 1837; x_wconf 92' lang='lat' dir='ltr'>Uno</span> <span class='ocrx_word' id='word_1_93' title='bbox 695 1781 954 1850; x_wconf 88' lang='lat' dir='ltr'>donetur,</span> <span class='ocrx_word' id='word_1_94' title='bbox 988 1782 1037 1838; x_wconf 93' lang='lat' dir='ltr'>si</span> <span class='ocrx_word' id='word_1_95' title='bbox 1065 1797 1178 1837; x_wconf 93' lang='lat' dir='ltr'>non</span> <span class='ocrx_word' id='word_1_96' title='bbox 1219 1789 1491 1836; x_wconf 83' lang='lat' dir='ltr'>mereatur</span> <span class='ocrx_word' id='word_1_97' title='bbox 1520 1787 1774 1851; x_wconf 90' lang='lat' dir='ltr'>utroque.</span> 
     </span>
    </p>
   </div>
   <div class='ocr_carea' id='block_1_18' title="bbox 602 1865 2120 1937">
    <p class='ocr_par' dir='ltr' id='par_1_18' title="bbox 602 1865 2120 1937">
     <span class='ocr_line' id='line_1_18' title="bbox 602 1865 2120 1937; baseline -0.004 -12"><span class='ocrx_word' id='word_1_98' title='bbox 602 1870 723 1926; x_wconf 80' lang='grc'>139.</span> <span class='ocrx_word' id='word_1_99' title='bbox 758 1871 894 1926; x_wconf 92' lang='lat' dir='ltr'>Tum</span> <span class='ocrx_word' id='word_1_100' title='bbox 926 1872 1085 1928; x_wconf 89' lang='lat' dir='ltr'>Pater</span> <span class='ocrx_word' id='word_1_101' title='bbox 1104 1870 1381 1926; x_wconf 89' lang='lat' dir='ltr'>admirans</span> <span class='ocrx_word' id='word_1_102' title='bbox 1401 1870 1527 1925; x_wconf 91' lang='lat' dir='ltr'>ﬁdei</span> <span class='ocrx_word' id='word_1_103' title='bbox 1562 1866 1874 1924; x_wconf 82' lang='lat' dir='ltr'>venerabile</span> <span class='ocrx_word' id='word_1_104' title='bbox 1902 1865 2120 1937; x_wconf 87' lang='lat' dir='ltr'>pignus,</span> 
     </span>
    </p>
   </div>
   <div class='ocr_carea' id='block_1_19' title="bbox 527 1956 1943 2031">
    <p class='ocr_par' dir='ltr' id='par_1_19' title="bbox 527 1956 1943 2031">
     <span class='ocr_line' id='line_1_19' title="bbox 527 1956 1943 2031; baseline -0.002 -17"><span class='ocrx_word' id='word_1_105' title='bbox 527 1958 794 2028; x_wconf 90' lang='lat' dir='ltr'>Indoluit,</span> <span class='ocrx_word' id='word_1_106' title='bbox 823 1960 1159 2031; x_wconf 83' lang='lat' dir='ltr'>strinxitque</span> <span class='ocrx_word' id='word_1_107' title='bbox 1187 1961 1433 2014; x_wconf 89' lang='lat' dir='ltr'>animum</span> <span class='ocrx_word' id='word_1_108' title='bbox 1479 1957 1697 2029; x_wconf 90' lang='lat' dir='ltr'>pietatis</span> <span class='ocrx_word' id='word_1_109' title='bbox 1726 1956 1906 2026; x_wconf 84' lang='lat' dir='ltr'>imago</span> <span class='ocrx_word' id='word_1_110' title='bbox 1930 1973 1943 2021; x_wconf 93' lang='lat'>;</span> 
     </span>
    </p>
   </div>
   <div class='ocr_carea' id='block_1_20' title="bbox 527 2044 1876 2118">
    <p class='ocr_par' dir='ltr' id='par_1_20' title="bbox 527 2044 1876 2118">
     <span class='ocr_line' id='line_1_20' title="bbox 527 2044 1876 2118; baseline -0.002 -18"><span class='ocrx_word' id='word_1_111' title='bbox 527 2046 599 2101; x_wconf 91' lang='lat' dir='ltr'>Et</span> <span class='ocrx_word' id='word_1_112' title='bbox 628 2062 939 2118; x_wconf 88' lang='lat' dir='ltr'>quanquam</span> <span class='ocrx_word' id='word_1_113' title='bbox 971 2048 1137 2117; x_wconf 78' lang='lat' dir='ltr'>coepti</span> <span class='ocrx_word' id='word_1_114' title='bbox 1167 2046 1475 2102; x_wconf 87' lang='lat' dir='ltr'>stimularet</span> <span class='ocrx_word' id='word_1_115' title='bbox 1514 2062 1644 2100; x_wconf 86' lang='lat' dir='ltr'>cura</span> <span class='ocrx_word' id='word_1_116' title='bbox 1674 2044 1876 2098; x_wconf 89' lang='lat' dir='ltr'>laboris</span> 
     </span>
    </p>
   </div>
   <div class='ocr_carea' id='block_1_21' title="bbox 465 2133 1861 2205">
    <p class='ocr_par' dir='ltr' id='par_1_21' title="bbox 465 2133 1861 2205">
     <span class='ocr_line' id='line_1_21' title="bbox 465 2133 1861 2205; baseline -0.001 -17"><span class='ocrx_word' id='word_1_117' title='bbox 465 2184 468 2188; x_wconf 92' lang='lat'>.</span> <span class='ocrx_word' id='word_1_118' title='bbox 524 2133 645 2190; x_wconf 89' lang='lat' dir='ltr'>Non</span> <span class='ocrx_word' id='word_1_119' title='bbox 675 2133 895 2189; x_wconf 65' lang='lat' dir='ltr'>diﬁ’erre</span> <span class='ocrx_word' id='word_1_120' title='bbox 921 2133 1091 2201; x_wconf 90' lang='lat' dir='ltr'>diem,</span> <span class='ocrx_word' id='word_1_121' title='bbox 1122 2134 1213 2189; x_wconf 87' lang='lat' dir='ltr'>via</span> <span class='ocrx_word' id='word_1_122' title='bbox 1243 2134 1445 2189; x_wconf 89' lang='lat' dir='ltr'>rectior</span> <span class='ocrx_word' id='word_1_123' title='bbox 1493 2134 1588 2188; x_wconf 91' lang='lat' dir='ltr'>illa</span> <span class='ocrx_word' id='word_1_124' title='bbox 1618 2140 1861 2205; x_wconf 89' lang='lat' dir='ltr'>putatur,</span> 
     </span>
    </p>
   </div>
   <div class='ocr_carea' id='block_1_22' title="bbox 524 2221 1750 2296">
    <p class='ocr_par' dir='ltr' id='par_1_22' title="bbox 524 2221 1750 2296">
     <span class='ocr_line' id='line_1_22' title="bbox 524 2221 1750 2296; baseline -0.002 -16"><span class='ocrx_word' id='word_1_125' title='bbox 524 2221 643 2291; x_wconf 88' lang='lat' dir='ltr'>Qua</span> <span class='ocrx_word' id='word_1_126' title='bbox 666 2240 872 2281; x_wconf 89' lang='lat' dir='ltr'>merces</span> <span class='ocrx_word' id='word_1_127' title='bbox 901 2225 1053 2296; x_wconf 91' lang='lat' dir='ltr'>operi</span> <span class='ocrx_word' id='word_1_128' title='bbox 1095 2232 1344 2280; x_wconf 87' lang='lat' dir='ltr'>servatur</span> <span class='ocrx_word' id='word_1_129' title='bbox 1372 2222 1558 2280; x_wconf 88' lang='lat' dir='ltr'>debita</span> <span class='ocrx_word' id='word_1_130' title='bbox 1579 2221 1750 2294; x_wconf 87' lang='lat' dir='ltr'>justo.</span> 
     </span>
    </p>
   </div>
   <div class='ocr_carea' id='block_1_23' title="bbox 523 2314 1978 2380">
    <p class='ocr_par' dir='ltr' id='par_1_23' title="bbox 523 2314 1978 2380">
     <span class='ocr_line' id='line_1_23' title="bbox 523 2314 1978 2380; baseline -0.003 -8"><span class='ocrx_word' id='word_1_131' title='bbox 523 2315 634 2374; x_wconf 85' lang='lat' dir='ltr'>Nec</span> <span class='ocrx_word' id='word_1_132' title='bbox 671 2332 860 2372; x_wconf 86' lang='lat' dir='ltr'>mora:</span> <span class='ocrx_word' id='word_1_133' title='bbox 893 2315 1141 2372; x_wconf 88' lang='lat' dir='ltr'>divertit.</span> <span class='ocrx_word' id='word_1_134' title='bbox 1189 2314 1431 2372; x_wconf 87' lang='lat' dir='ltr'>Comites</span> <span class='ocrx_word' id='word_1_135' title='bbox 1460 2314 1724 2371; x_wconf 88' lang='lat' dir='ltr'>obsistere</span> <span class='ocrx_word' id='word_1_136' title='bbox 1752 2322 1978 2380; x_wconf 90' lang='lat' dir='ltr'>contra;</span> 
     </span>
    </p>
   </div>
   <div class='ocr_carea' id='block_1_24' title="bbox 524 2395 1770 2479">
    <p class='ocr_par' dir='ltr' id='par_1_24' title="bbox 524 2395 1770 2479">
     <span class='ocr_line' id='line_1_24' title="bbox 524 2395 1770 2479; baseline -0.002 -16"><span class='ocrx_word' id='word_1_137' title='bbox 524 2407 710 2479; x_wconf 80' lang='lat' dir='ltr'>Legati</span> <span class='ocrx_word' id='word_1_138' title='bbox 741 2415 933 2464; x_wconf 89' lang='lat' dir='ltr'>contra</span> <span class='ocrx_word' id='word_1_139' title='bbox 978 2406 1238 2464; x_wconf 87' lang='lat' dir='ltr'>connixis</span> <span class='ocrx_word' id='word_1_140' title='bbox 1268 2405 1484 2462; x_wconf 89' lang='lat' dir='ltr'>viribus</span> <span class='ocrx_word' id='word_1_141' title='bbox 1512 2405 1723 2462; x_wconf 88' lang='lat' dir='ltr'>instant</span> <span class='ocrx_word' id='word_1_142' title='bbox 1752 2395 1770 2461; x_wconf 67' lang='grc' dir='ltr'>ε’</span> 
     </span>
    </p>
   </div>
   <div class='ocr_carea' id='block_1_25' title="bbox 522 2494 2047 2572">
    <p class='ocr_par' dir='ltr' id='par_1_25' title="bbox 522 2494 2047 2572">
     <span class='ocr_line' id='line_1_25' title="bbox 522 2494 2047 2572; baseline -0.003 -16"><span class='ocrx_word' id='word_1_143' title='bbox 522 2499 777 2572; x_wconf 89' lang='lat' dir='ltr'>Dumque</span> <span class='ocrx_word' id='word_1_144' title='bbox 806 2498 887 2567; x_wconf 88' lang='lat' dir='ltr'>hi,</span> <span class='ocrx_word' id='word_1_145' title='bbox 913 2499 1154 2571; x_wconf 90' lang='lat' dir='ltr'>dumque</span> <span class='ocrx_word' id='word_1_146' title='bbox 1183 2496 1267 2553; x_wconf 92' lang='lat' dir='ltr'>illi</span> <span class='ocrx_word' id='word_1_147' title='bbox 1288 2508 1309 2534; x_wconf 75' lang='grc'><strong><em>³</em></strong></span> <span class='ocrx_word' id='word_1_148' title='bbox 1336 2516 1350 2565; x_wconf 91' lang='grc'>;</span> <span class='ocrx_word' id='word_1_149' title='bbox 1382 2497 1446 2553; x_wconf 90' lang='lat' dir='ltr'>ﬁt</span> <span class='ocrx_word' id='word_1_150' title='bbox 1494 2494 1829 2554; x_wconf 85' lang='lat' dir='ltr'>concertatio</span> <span class='ocrx_word' id='word_1_151' title='bbox 1866 2494 2047 2567; x_wconf 90' lang='lat' dir='ltr'>longa.</span> 
     </span>
    </p>
   </div>
   <div class='ocr_carea' id='block_1_26' title="bbox 446 2587 1943 2661">
    <p class='ocr_par' dir='ltr' id='par_1_26' title="bbox 446 2587 1943 2661">
     <span class='ocr_line' id='line_1_26' title="bbox 446 2587 1943 2661; baseline 0 -18"><span class='ocrx_word' id='word_1_152' title='bbox 446 2634 453 2643; x_wconf 89' lang='lat'>.</span> <span class='ocrx_word' id='word_1_153' title='bbox 522 2588 772 2661; x_wconf 81' lang='lat' dir='ltr'>Indignis</span> <span class='ocrx_word' id='word_1_154' title='bbox 802 2589 975 2660; x_wconf 87' lang='lat' dir='ltr'>magis</span> <span class='ocrx_word' id='word_1_155' title='bbox 1000 2590 1094 2644; x_wconf 89' lang='lat' dir='ltr'>ille</span> <span class='ocrx_word' id='word_1_156' title='bbox 1124 2590 1274 2645; x_wconf 90' lang='lat' dir='ltr'>favet</span> <span class='ocrx_word' id='word_1_157' title='bbox 1307 2607 1320 2656; x_wconf 92' lang='lat'>;</span> <span class='ocrx_word' id='word_1_158' title='bbox 1359 2605 1456 2661; x_wconf 92' lang='lat' dir='ltr'>per</span> <span class='ocrx_word' id='word_1_159' title='bbox 1482 2589 1700 2656; x_wconf 59' lang='lat' dir='ltr'>saecula,</span> <span class='ocrx_word' id='word_1_160' title='bbox 1732 2587 1943 2655; x_wconf 90' lang='lat' dir='ltr'>dicens,</span> 
     </span>
    </p>
   </div>
   <div class='ocr_carea' id='block_1_27' title="bbox 522 2675 2047 2751">
    <p class='ocr_par' dir='ltr' id='par_1_27' title="bbox 522 2675 2047 2751">
     <span class='ocr_line' id='line_1_27' title="bbox 522 2675 2047 2751; baseline 0 -18"><span class='ocrx_word' id='word_1_161' title='bbox 522 2677 609 2733; x_wconf 83' lang='lat' dir='ltr'>Nil</span> <span class='ocrx_word' id='word_1_162' title='bbox 642 2679 795 2749; x_wconf 90' lang='lat' dir='ltr'>prius</span> <span class='ocrx_word' id='word_1_163' title='bbox 823 2694 936 2734; x_wconf 90' lang='lat' dir='ltr'>esse</span> <span class='ocrx_word' id='word_1_164' title='bbox 965 2679 1094 2747; x_wconf 89' lang='lat' dir='ltr'>sibi,</span> <span class='ocrx_word' id='word_1_165' title='bbox 1128 2694 1291 2751; x_wconf 90' lang='lat' dir='ltr'>quam</span> <span class='ocrx_word' id='word_1_166' title='bbox 1331 2676 1483 2749; x_wconf 89' lang='lat' dir='ltr'>jussa</span> <span class='ocrx_word' id='word_1_167' title='bbox 1528 2678 1791 2733; x_wconf 86' lang='lat' dir='ltr'>facessere</span> <span class='ocrx_word' id='word_1_168' title='bbox 1819 2675 2047 2745; x_wconf 88' lang='lat' dir='ltr'>Christi,</span> 
     </span>
    </p>
   </div>
   <div class='ocr_carea' id='block_1_28' title="bbox 522 2765 2011 2840">
    <p class='ocr_par' dir='ltr' id='par_1_28' title="bbox 522 2765 2011 2840">
     <span class='ocr_line' id='line_1_28' title="bbox 522 2765 2011 2840; baseline 0.001 -19"><span class='ocrx_word' id='word_1_169' title='bbox 522 2765 725 2839; x_wconf 87' lang='lat' dir='ltr'>Bisque</span> <span class='ocrx_word' id='word_1_170' title='bbox 757 2770 897 2823; x_wconf 89' lang='lat' dir='ltr'>mori</span> <span class='ocrx_word' id='word_1_171' title='bbox 932 2776 1155 2839; x_wconf 90' lang='lat' dir='ltr'>propter</span> <span class='ocrx_word' id='word_1_172' title='bbox 1185 2768 1410 2824; x_wconf 89' lang='lat' dir='ltr'>Domini</span> <span class='ocrx_word' id='word_1_173' title='bbox 1442 2776 1711 2840; x_wconf 70' lang='lat' dir='ltr'>praecepta</span> <span class='ocrx_word' id='word_1_174' title='bbox 1740 2775 2011 2840; x_wconf 88' lang='lat' dir='ltr'>paratum.</span> 
     </span>
    </p>
   </div>
   <div class='ocr_carea' id='block_1_29' title="bbox 522 2853 1972 2927">
    <p class='ocr_par' dir='ltr' id='par_1_29' title="bbox 522 2853 1972 2927">
     <span class='ocr_line' id='line_1_29' title="bbox 522 2853 1972 2927; baseline 0.002 -17"><span class='ocrx_word' id='word_1_175' title='bbox 522 2853 567 2910; x_wconf 93' lang='grc' dir='ltr'>Ο</span> <span class='ocrx_word' id='word_1_176' title='bbox 598 2854 812 2909; x_wconf 88' lang='lat' dir='ltr'>Patrem</span> <span class='ocrx_word' id='word_1_177' title='bbox 845 2872 1063 2911; x_wconf 91' lang='lat' dir='ltr'>summo</span> <span class='ocrx_word' id='word_1_178' title='bbox 1098 2856 1406 2925; x_wconf 90' lang='lat' dir='ltr'>splendoris</span> <span class='ocrx_word' id='word_1_179' title='bbox 1431 2857 1675 2913; x_wconf 90' lang='lat' dir='ltr'>culmine</span> <span class='ocrx_word' id='word_1_180' title='bbox 1706 2856 1972 2927; x_wconf 85' lang='lat' dir='ltr'>dignum!</span> 
     </span>
    </p>
   </div>
   <div class='ocr_carea' id='block_1_30' title="bbox 522 2940 1973 3014">
    <p class='ocr_par' dir='ltr' id='par_1_30' title="bbox 522 2940 1973 3014">
     <span class='ocr_line' id='line_1_30' title="bbox 522 2940 1973 3014; baseline 0.001 -17"><span class='ocrx_word' id='word_1_181' title='bbox 522 2940 589 3008; x_wconf 88' lang='grc' dir='ltr'>Ο,</span> <span class='ocrx_word' id='word_1_182' title='bbox 620 2940 723 2996; x_wconf 91' lang='lat' dir='ltr'>sibi</span> <span class='ocrx_word' id='word_1_183' title='bbox 756 2940 849 3013; x_wconf 90' lang='lat' dir='ltr'>qui</span> <span class='ocrx_word' id='word_1_184' title='bbox 878 2942 1155 3013; x_wconf 88' lang='lat' dir='ltr'>propriam</span> <span class='ocrx_word' id='word_1_185' title='bbox 1203 2943 1404 3013; x_wconf 85' lang='lat' dir='ltr'>refugit</span> <span class='ocrx_word' id='word_1_186' title='bbox 1447 2944 1751 3014; x_wconf 90' lang='lat' dir='ltr'>dependere</span> <span class='ocrx_word' id='word_1_187' title='bbox 1780 2944 1973 3013; x_wconf 89' lang='lat' dir='ltr'>vitam,</span> 
     </span>
    </p>
   </div>
   <div class='ocr_carea' id='block_1_31' title="bbox 519 3031 2008 3106">
    <p class='ocr_par' dir='ltr' id='par_1_31' title="bbox 519 3031 2008 3106">
     <span class='ocr_line' id='line_1_31' title="bbox 519 3031 2008 3106; baseline 0.003 -18"><span class='ocrx_word' id='word_1_188' title='bbox 519 3031 763 3106; x_wconf 86' lang='lat' dir='ltr'>Quisque</span> <span class='ocrx_word' id='word_1_189' title='bbox 792 3034 906 3089; x_wconf 93' lang='lat' dir='ltr'>Deo</span> <span class='ocrx_word' id='word_1_190' title='bbox 938 3034 1151 3104; x_wconf 89' lang='lat' dir='ltr'>vivens,</span> <span class='ocrx_word' id='word_1_191' title='bbox 1187 3034 1359 3091; x_wconf 90' lang='lat' dir='ltr'>immo</span> <span class='ocrx_word' id='word_1_192' title='bbox 1396 3034 1485 3091; x_wconf 90' lang='lat' dir='ltr'>cui</span> <span class='ocrx_word' id='word_1_193' title='bbox 1520 3034 1707 3091; x_wconf 83' lang='lat' dir='ltr'>vivere</span> <span class='ocrx_word' id='word_1_194' title='bbox 1737 3035 2008 3104; x_wconf 91' lang='lat' dir='ltr'>Christus,</span> 
     </span>
    </p>
   </div>
   <div class='ocr_carea' id='block_1_32' title="bbox 518 3123 1873 3200">
    <p class='ocr_par' dir='ltr' id='par_1_32' title="bbox 518 3123 1873 3200">
     <span class='ocr_line' id='line_1_32' title="bbox 518 3123 1873 3200; baseline 0.001 -21"><span class='ocrx_word' id='word_1_195' title='bbox 518 3123 798 3180; x_wconf 89' lang='lat' dir='ltr'>Fraternis</span> <span class='ocrx_word' id='word_1_196' title='bbox 825 3125 1066 3181; x_wconf 88' lang='lat' dir='ltr'>animam</span> <span class='ocrx_word' id='word_1_197' title='bbox 1097 3126 1310 3183; x_wconf 88' lang='lat' dir='ltr'>mavult</span> <span class='ocrx_word' id='word_1_198' title='bbox 1356 3141 1631 3200; x_wconf 91' lang='lat' dir='ltr'>opponere</span> <span class='ocrx_word' id='word_1_199' title='bbox 1671 3126 1873 3183; x_wconf 82' lang='lat' dir='ltr'>lucris!</span> 
     </span>
    </p>
   </div>
   <div class='ocr_carea' id='block_1_33' title="bbox 515 3214 1968 3291">
    <p class='ocr_par' dir='ltr' id='par_1_33' title="bbox 515 3214 1968 3291">
     <span class='ocr_line' id='line_1_33' title="bbox 515 3214 1968 3291; baseline 0.003 -20"><span class='ocrx_word' id='word_1_200' title='bbox 515 3214 662 3288; x_wconf 88' lang='lat' dir='ltr'>Ergo</span> <span class='ocrx_word' id='word_1_201' title='bbox 691 3224 970 3273; x_wconf 87' lang='lat' dir='ltr'>memento</span> <span class='ocrx_word' id='word_1_202' title='bbox 1000 3217 1131 3289; x_wconf 78' lang='lat' dir='ltr'>piis,</span> <span class='ocrx_word' id='word_1_203' title='bbox 1161 3218 1322 3275; x_wconf 89' lang='lat' dir='ltr'>Pater</span> <span class='ocrx_word' id='word_1_204' title='bbox 1352 3234 1406 3287; x_wconf 90' lang='grc' dir='ltr'>ο,</span> <span class='ocrx_word' id='word_1_205' title='bbox 1437 3217 1725 3291; x_wconf 88' lang='lat' dir='ltr'>persistere</span> <span class='ocrx_word' id='word_1_206' title='bbox 1754 3218 1968 3290; x_wconf 85' lang='lat' dir='ltr'>coeptis.</span> 
     </span>
    </p>
   </div>
   <div class='ocr_carea' id='block_1_34' title="bbox 513 3305 2003 3376">
    <p class='ocr_par' dir='ltr' id='par_1_34' title="bbox 513 3305 2003 3376">
     <span class='ocr_line' id='line_1_34' title="bbox 513 3305 2003 3376; baseline 0.001 -13"><span class='ocrx_word' id='word_1_207' title='bbox 513 3305 637 3363; x_wconf 88' lang='lat' dir='ltr'>Non</span> <span class='ocrx_word' id='word_1_208' title='bbox 666 3305 841 3363; x_wconf 89' lang='lat' dir='ltr'>deerit</span> <span class='ocrx_word' id='word_1_209' title='bbox 869 3315 1058 3363; x_wconf 89' lang='lat' dir='ltr'>sancto</span> <span class='ocrx_word' id='word_1_210' title='bbox 1105 3307 1383 3376; x_wconf 91' lang='lat' dir='ltr'>bravium,</span> <span class='ocrx_word' id='word_1_211' title='bbox 1417 3307 1556 3364; x_wconf 78' lang='lat' dir='ltr'>mihi</span> <span class='ocrx_word' id='word_1_212' title='bbox 1596 3307 1774 3376; x_wconf 89' lang='lat' dir='ltr'>crede,</span> <span class='ocrx_word' id='word_1_213' title='bbox 1808 3307 2003 3364; x_wconf 90' lang='lat' dir='ltr'>labori.</span> 
     </span>
    </p>
   </div>
   <div class='ocr_carea' id='block_1_35' title="bbox 587 3395 1930 3470">
    <p class='ocr_par' dir='ltr' id='par_1_35' title="bbox 587 3395 1930 3470">
     <span class='ocr_line' id='line_1_35' title="bbox 587 3395 1930 3470; baseline 0.002 -18"><span class='ocrx_word' id='word_1_214' title='bbox 587 3395 708 3453; x_wconf 82' lang='grc'>140.</span> <span class='ocrx_word' id='word_1_215' title='bbox 739 3397 965 3470; x_wconf 83' lang='lat' dir='ltr'>Legatos</span> <span class='ocrx_word' id='word_1_216' title='bbox 991 3397 1194 3454; x_wconf 88' lang='lat' dir='ltr'>hilares</span> <span class='ocrx_word' id='word_1_217' title='bbox 1224 3398 1373 3454; x_wconf 91' lang='lat' dir='ltr'>subit</span> <span class='ocrx_word' id='word_1_218' title='bbox 1402 3398 1699 3455; x_wconf 84' lang='lat' dir='ltr'>exsultatio</span> <span class='ocrx_word' id='word_1_219' title='bbox 1727 3396 1893 3470; x_wconf 86' lang='lat' dir='ltr'>digna</span> <span class='ocrx_word' id='word_1_220' title='bbox 1918 3416 1930 3455; x_wconf 91' lang='lat'>:</span> 
     </span>
    </p>
   </div>
   <div class='ocr_carea' id='block_1_36' title="bbox 514 3484 1833 3561">
    <p class='ocr_par' dir='ltr' id='par_1_36' title="bbox 514 3484 1833 3561">
     <span class='ocr_line' id='line_1_36' title="bbox 514 3484 1833 3561; baseline 0.001 -19"><span class='ocrx_word' id='word_1_221' title='bbox 514 3484 780 3559; x_wconf 87' lang='lat' dir='ltr'>Quodque</span> <span class='ocrx_word' id='word_1_222' title='bbox 809 3488 924 3543; x_wconf 88' lang='lat' dir='ltr'>suis</span> <span class='ocrx_word' id='word_1_223' title='bbox 949 3488 1355 3560; x_wconf 87' lang='lat' dir='ltr'>votisdignatur</span> <span class='ocrx_word' id='word_1_224' title='bbox 1392 3489 1582 3545; x_wconf 83' lang='lat' dir='ltr'>cedere</span> <span class='ocrx_word' id='word_1_225' title='bbox 1612 3489 1833 3561; x_wconf 71' lang='lat' dir='ltr'>praesul,</span> 
     </span>
    </p>
   </div>
   <div class='ocr_carea' id='block_1_37' title="bbox 512 3576 2000 3650">
    <p class='ocr_par' dir='ltr' id='par_1_37' title="bbox 512 3576 2000 3650">
     <span class='ocr_line' id='line_1_37' title="bbox 512 3576 2000 3650; baseline 0.001 -17"><span class='ocrx_word' id='word_1_226' title='bbox 512 3576 605 3633; x_wconf 90' lang='lat' dir='ltr'>Bis</span> <span class='ocrx_word' id='word_1_227' title='bbox 635 3587 854 3634; x_wconf 89' lang='lat' dir='ltr'>centum</span> <span class='ocrx_word' id='word_1_228' title='bbox 888 3586 1151 3650; x_wconf 90' lang='lat' dir='ltr'>promunt</span> <span class='ocrx_word' id='word_1_229' title='bbox 1179 3580 1453 3635; x_wconf 88' lang='lat' dir='ltr'>instructo</span> <span class='ocrx_word' id='word_1_230' title='bbox 1496 3595 1721 3634; x_wconf 91' lang='lat' dir='ltr'>munere</span> <span class='ocrx_word' id='word_1_231' title='bbox 1751 3576 1935 3634; x_wconf 86' lang='lat' dir='ltr'>soldos</span> <span class='ocrx_word' id='word_1_232' title='bbox 1956 3586 2000 3645; x_wconf 75' lang='grc' dir='ltr'>ιι,</span> 
     </span>
    </p>
   </div>
   <div class='ocr_carea' id='block_1_38' title="bbox 508 3665 1927 3734">
    <p class='ocr_par' dir='ltr' id='par_1_38' title="bbox 508 3665 1927 3734">
     <span class='ocr_line' id='line_1_38' title="bbox 508 3665 1927 3734; baseline 0.001 -15"><span class='ocrx_word' id='word_1_233' title='bbox 508 3665 666 3720; x_wconf 90' lang='lat' dir='ltr'>Dona</span> <span class='ocrx_word' id='word_1_234' title='bbox 696 3667 837 3723; x_wconf 85' lang='lat' dir='ltr'>viro.</span> <span class='ocrx_word' id='word_1_235' title='bbox 871 3667 1077 3723; x_wconf 77' lang='lat' dir='ltr'>Preesul</span> <span class='ocrx_word' id='word_1_236' title='bbox 1108 3682 1220 3722; x_wconf 88' lang='lat' dir='ltr'>non</span> <span class='ocrx_word' id='word_1_237' title='bbox 1257 3675 1471 3723; x_wconf 88' lang='lat' dir='ltr'>tantum</span> <span class='ocrx_word' id='word_1_238' title='bbox 1504 3682 1728 3722; x_wconf 90' lang='lat' dir='ltr'>munere</span> <span class='ocrx_word' id='word_1_239' title='bbox 1752 3667 1927 3734; x_wconf 84' lang='lat' dir='ltr'>laetus,</span> 
     </span>
    </p>
   </div>
   <div class='ocr_carea' id='block_1_39' title="bbox 509 3755 2067 3832">
    <p class='ocr_par' dir='ltr' id='par_1_39' title="bbox 509 3755 2067 3832">
     <span class='ocr_line' id='line_1_39' title="bbox 509 3755 2067 3832; baseline 0.003 -20"><span class='ocrx_word' id='word_1_240' title='bbox 509 3755 743 3829; x_wconf 84' lang='lat' dir='ltr'>Pignore</span> <span class='ocrx_word' id='word_1_241' title='bbox 773 3775 936 3832; x_wconf 87' lang='lat' dir='ltr'>quam</span> <span class='ocrx_word' id='word_1_242' title='bbox 967 3758 1117 3827; x_wconf 89' lang='lat' dir='ltr'>ﬁdei,</span> <span class='ocrx_word' id='word_1_243' title='bbox 1150 3759 1499 3817; x_wconf 87' lang='lat' dir='ltr'>commendat</span> <span class='ocrx_word' id='word_1_244' title='bbox 1526 3768 1725 3817; x_wconf 91' lang='lat' dir='ltr'>cuncta</span> <span class='ocrx_word' id='word_1_245' title='bbox 1772 3760 2026 3817; x_wconf 83' lang='lat' dir='ltr'>ministro</span> <span class='ocrx_word' id='word_1_246' title='bbox 2055 3780 2067 3828; x_wconf 93' lang='lat'>;</span> 
     </span>
    </p>
   </div>
   <div class='ocr_carea' id='block_1_40' title="bbox 508 3845 1983 3921">
    <p class='ocr_par' dir='ltr' id='par_1_40' title="bbox 508 3845 1983 3921">
     <span class='ocr_line' id='line_1_40' title="bbox 508 3845 1983 3921; baseline 0.003 -19"><span class='ocrx_word' id='word_1_247' title='bbox 508 3845 637 3903; x_wconf 73' lang='lat' dir='ltr'>Haec</span> <span class='ocrx_word' id='word_1_248' title='bbox 668 3864 799 3921; x_wconf 90' lang='lat' dir='ltr'>cape</span> <span class='ocrx_word' id='word_1_249' title='bbox 829 3865 999 3917; x_wconf 92' lang='lat' dir='ltr'>nunc,</span> <span class='ocrx_word' id='word_1_250' title='bbox 1029 3850 1238 3918; x_wconf 88' lang='lat' dir='ltr'>dicens,</span> <span class='ocrx_word' id='word_1_251' title='bbox 1268 3867 1331 3905; x_wconf 88' lang='lat' dir='ltr'>ac</span> <span class='ocrx_word' id='word_1_252' title='bbox 1354 3858 1408 3905; x_wconf 90' lang='lat' dir='ltr'>te</span> <span class='ocrx_word' id='word_1_253' title='bbox 1440 3849 1792 3906; x_wconf 90' lang='lat' dir='ltr'>succumbere</span> <span class='ocrx_word' id='word_1_254' title='bbox 1823 3866 1983 3907; x_wconf 61' lang='lat' dir='ltr'>noxa:</span> 
     </span>
    </p>
   </div>
   <div class='ocr_carea' id='block_1_41' title="bbox 504 3937 2102 4012">
    <p class='ocr_par' dir='ltr' id='par_1_41' title="bbox 504 3937 2102 4012">
     <span class='ocr_line' id='line_1_41' title="bbox 504 3937 2102 4012; baseline 0.001 -19"><span class='ocrx_word' id='word_1_255' title='bbox 504 3937 698 4004; x_wconf 88' lang='lat' dir='ltr'>Disce;</span> <span class='ocrx_word' id='word_1_256' title='bbox 734 3940 880 4011; x_wconf 91' lang='lat' dir='ltr'>quod</span> <span class='ocrx_word' id='word_1_257' title='bbox 910 3940 968 3994; x_wconf 90' lang='lat' dir='ltr'>in</span> <span class='ocrx_word' id='word_1_258' title='bbox 997 3940 1227 3994; x_wconf 90' lang='lat' dir='ltr'>miseros</span> <span class='ocrx_word' id='word_1_259' title='bbox 1257 3938 1504 3993; x_wconf 83' lang='lat' dir='ltr'>fraudem</span> <span class='ocrx_word' id='word_1_260' title='bbox 1549 3937 1845 3995; x_wconf 89' lang='lat' dir='ltr'>meditatus</span> <span class='ocrx_word' id='word_1_261' title='bbox 1886 3955 2102 4012; x_wconf 83' lang='lat' dir='ltr'>egenos,</span> 
     </span>
    </p>
   </div>
   <div class='ocr_carea' id='block_1_42' title="bbox 503 4026 2030 4101">
    <p class='ocr_par' dir='ltr' id='par_1_42' title="bbox 503 4026 2030 4101">
     <span class='ocr_line' id='line_1_42' title="bbox 503 4026 2030 4101; baseline 0.003 -20"><span class='ocrx_word' id='word_1_262' title='bbox 503 4026 763 4081; x_wconf 86' lang='lat' dir='ltr'>Malueris</span> <span class='ocrx_word' id='word_1_263' title='bbox 792 4042 908 4082; x_wconf 90' lang='lat' dir='ltr'>esse</span> <span class='ocrx_word' id='word_1_264' title='bbox 937 4034 1113 4083; x_wconf 86' lang='lat' dir='ltr'>tenax&#39;</span> <span class='ocrx_word' id='word_1_265' title='bbox 1139 4045 1151 4083; x_wconf 92' lang='lat'>:</span> <span class='ocrx_word' id='word_1_266' title='bbox 1195 4043 1322 4082; x_wconf 90' lang='lat' dir='ltr'>nam</span> <span class='ocrx_word' id='word_1_267' title='bbox 1353 4026 1419 4095; x_wconf 92' lang='lat' dir='ltr'>si,</span> <span class='ocrx_word' id='word_1_268' title='bbox 1453 4026 1600 4099; x_wconf 90' lang='lat' dir='ltr'>quod</span> <span class='ocrx_word' id='word_1_269' title='bbox 1630 4027 1844 4083; x_wconf 88' lang='lat' dir='ltr'>tradere</span> <span class='ocrx_word' id='word_1_270' title='bbox 1867 4027 2030 4101; x_wconf 89' lang='lat' dir='ltr'>jussi,</span> 
     </span>
    </p>
   </div>
   <div class='ocr_carea' id='block_1_43' title="bbox 503 4110 1814 4185">
    <p class='ocr_par' dir='ltr' id='par_1_43' title="bbox 503 4110 1814 4185">
     <span class='ocr_line' id='line_1_43' title="bbox 503 4110 1814 4185; baseline 0.002 -15"><span class='ocrx_word' id='word_1_271' title='bbox 503 4110 790 4182; x_wconf 88' lang='lat' dir='ltr'>Cessisses,</span> <span class='ocrx_word' id='word_1_272' title='bbox 823 4114 986 4170; x_wconf 93' lang='lat' dir='ltr'>solito</span> <span class='ocrx_word' id='word_1_273' title='bbox 1027 4114 1248 4172; x_wconf 89' lang='lat' dir='ltr'>Christo</span> <span class='ocrx_word' id='word_1_274' title='bbox 1273 4114 1571 4185; x_wconf 89' lang='lat' dir='ltr'>tribuente,</span> <span class='ocrx_word' id='word_1_275' title='bbox 1601 4116 1814 4174; x_wconf 86' lang='lat' dir='ltr'>refusos</span> 
     </span>
    </p>
   </div>
   <div class='ocr_carea' id='block_1_44' title="bbox 501 4201 1830 4277">
    <p class='ocr_par' dir='ltr' id='par_1_44' title="bbox 501 4201 1830 4277">
     <span class='ocr_line' id='line_1_44' title="bbox 501 4201 1830 4277; baseline 0.005 -20"><span class='ocrx_word' id='word_1_276' title='bbox 501 4201 832 4260; x_wconf 89' lang='lat' dir='ltr'>Tercentum</span> <span class='ocrx_word' id='word_1_277' title='bbox 860 4221 1078 4277; x_wconf 89' lang='lat' dir='ltr'>caperes</span> <span class='ocrx_word' id='word_1_278' title='bbox 1105 4205 1376 4261; x_wconf 88' lang='lat' dir='ltr'>hodierno</span> <span class='ocrx_word' id='word_1_279' title='bbox 1409 4206 1597 4262; x_wconf 88' lang='lat' dir='ltr'>fenore</span> <span class='ocrx_word' id='word_1_280' title='bbox 1626 4207 1830 4264; x_wconf 92' lang='lat' dir='ltr'>soldos.</span> 
     </span>
    </p>
   </div>
   <div class='ocr_carea' id='block_1_45' title="bbox 498 4292 1784 4366">
    <p class='ocr_par' dir='ltr' id='par_1_45' title="bbox 498 4292 1784 4366">
     <span class='ocr_line' id='line_1_45' title="bbox 498 4292 1784 4366; baseline 0.005 -17"><span class='ocrx_word' id='word_1_281' title='bbox 498 4292 720 4350; x_wconf 89' lang='lat' dir='ltr'>Invadit</span> <span class='ocrx_word' id='word_1_282' title='bbox 752 4294 992 4351; x_wconf 91' lang='lat' dir='ltr'>formido</span> <span class='ocrx_word' id='word_1_283' title='bbox 1022 4295 1327 4366; x_wconf 87' lang='lat' dir='ltr'>hominem,</span> <span class='ocrx_word' id='word_1_284' title='bbox 1362 4306 1571 4355; x_wconf 89' lang='lat' dir='ltr'>secreta</span> <span class='ocrx_word' id='word_1_285' title='bbox 1601 4305 1784 4355; x_wconf 89' lang='lat' dir='ltr'>reatus</span> 
     </span>
    </p>
   </div>
   <div class='ocr_carea' id='block_1_46' title="bbox 566 4455 1240 4516">
    <p class='ocr_par' dir='ltr' id='par_1_46' title="bbox 566 4455 1240 4516">
     <span class='ocr_line' id='line_1_46' title="bbox 566 4455 1240 4516; baseline 0.009 -6"><span class='ocrx_word' id='word_1_286' title='bbox 566 4467 584 4487; x_wconf 89' lang='grc'>·</span> <span class='ocrx_word' id='word_1_287' title='bbox 629 4455 835 4511; x_wconf 69' lang='lat' dir='ltr'>Sabini.</span> <span class='ocrx_word' id='word_1_288' title='bbox 876 4457 1240 4516; x_wconf 91' lang='lat' dir='ltr'>contendunt.</span> 
     </span>
    </p>
   </div>
   <div class='ocr_carea' id='block_1_47' title="bbox 491 4616 571 4631">
    <p class='ocr_par' dir='ltr' id='par_1_47' title="bbox 491 4616 571 4631">
     <span class='ocr_line' id='line_1_47' title="bbox 491 4616 571 4631; baseline 0 0"><span class='ocrx_word' id='word_1_289' title='bbox 491 4616 571 4631; x_wconf 52' lang='grc' dir='ltr'><em>υ</em></span> 
     </span>
    </p>
   </div>
   <div class='ocr_carea' id='block_1_48' title="bbox 1524 259 2844 330">
    <p class='ocr_par' dir='ltr' id='par_1_48' title="bbox 1524 259 2844 330">
     <span class='ocr_line' id='line_1_48' title="bbox 1524 259 2844 330; baseline -0.009 -1"><span class='ocrx_word' id='word_1_290' title='bbox 1524 272 1766 330; x_wconf 78' lang='lat' dir='ltr'>HERICI</span> <span class='ocrx_word' id='word_1_291' title='bbox 1805 267 2126 327; x_wconf 65' lang='lat' dir='ltr'>MANACHI</span> <span class='ocrx_word' id='word_1_292' title='bbox 2188 259 2844 324; x_wconf 78' lang='lat' dir='ltr'>ANTISSIODORENSIS</span> 
     </span>
    </p>
   </div>
   <div class='ocr_carea' id='block_1_49' title="bbox 3706 257 3860 317">
    <p class='ocr_par' dir='ltr' id='par_1_49' title="bbox 3706 257 3860 317">
     <span class='ocr_line' id='line_1_49' title="bbox 3706 257 3860 317; baseline 0.019 -2"><span class='ocrx_word' id='word_1_293' title='bbox 3706 257 3860 317; x_wconf 73' lang='grc'><strong>1192</strong></span> 
     </span>
    </p>
   </div>
   <div class='ocr_carea' id='block_1_50' title="bbox 2170 414 3470 491">
    <p class='ocr_par' dir='ltr' id='par_1_50' title="bbox 2170 414 3470 491">
     <span class='ocr_line' id='line_1_50' title="bbox 2170 414 3470 491; baseline -0.01 -11"><span class='ocrx_word' id='word_1_294' title='bbox 2170 428 2219 486; x_wconf 87' lang='grc' dir='ltr'>Α</span> <span class='ocrx_word' id='word_1_295' title='bbox 2250 422 2524 479; x_wconf 89' lang='lat' dir='ltr'>Germano</span> <span class='ocrx_word' id='word_1_296' title='bbox 2555 418 2793 491; x_wconf 89' lang='lat' dir='ltr'>patuisse</span> <span class='ocrx_word' id='word_1_297' title='bbox 2824 416 2931 472; x_wconf 91' lang='lat' dir='ltr'>sui.</span> <span class='ocrx_word' id='word_1_298' title='bbox 2969 414 3090 470; x_wconf 87' lang='lat' dir='ltr'>Non</span> <span class='ocrx_word' id='word_1_299' title='bbox 3124 429 3253 470; x_wconf 89' lang='lat' dir='ltr'>sane</span> <span class='ocrx_word' id='word_1_300' title='bbox 3280 420 3470 485; x_wconf 89' lang='lat' dir='ltr'>putato</span> 
     </span>
    </p>
   </div>
   <div class='ocr_carea' id='block_1_51' title="bbox 2243 500 3862 575">
    <p class='ocr_par' dir='ltr' id='par_1_51' title="bbox 2243 500 3862 575">
     <span class='ocr_line' id='line_1_51' title="bbox 2243 500 3862 575; baseline -0.004 -10"><span class='ocrx_word' id='word_1_301' title='bbox 2243 511 2356 565; x_wconf 83' lang='lat' dir='ltr'>Hoc</span> <span class='ocrx_word' id='word_1_302' title='bbox 2385 509 2611 575; x_wconf 89' lang='lat' dir='ltr'>mirum,</span> <span class='ocrx_word' id='word_1_303' title='bbox 2643 506 2782 562; x_wconf 92' lang='lat' dir='ltr'>bone</span> <span class='ocrx_word' id='word_1_304' title='bbox 2816 504 2926 573; x_wconf 91' lang='lat' dir='ltr'>vir,</span> <span class='ocrx_word' id='word_1_305' title='bbox 2960 510 3113 559; x_wconf 88' lang='lat' dir='ltr'>tanto</span> <span class='ocrx_word' id='word_1_306' title='bbox 3154 501 3304 575; x_wconf 90' lang='lat' dir='ltr'>quod</span> <span class='ocrx_word' id='word_1_307' title='bbox 3332 501 3517 557; x_wconf 88' lang='lat' dir='ltr'>clausa</span> <span class='ocrx_word' id='word_1_308' title='bbox 3559 500 3862 573; x_wconf 60' lang='lat' dir='ltr'>Propheta!</span> 
     </span>
    </p>
   </div>
   <div class='ocr_carea' id='block_1_52' title="bbox 2243 591 3745 668">
    <p class='ocr_par' dir='ltr' id='par_1_52' title="bbox 2243 591 3745 668">
     <span class='ocr_line' id='line_1_52' title="bbox 2243 591 3745 668; baseline -0.005 -14"><span class='ocrx_word' id='word_1_309' title='bbox 2243 597 2437 655; x_wconf 91' lang='lat' dir='ltr'>Cordis</span> <span class='ocrx_word' id='word_1_310' title='bbox 2472 597 2663 653; x_wconf 90' lang='lat' dir='ltr'>hiant:</span> <span class='ocrx_word' id='word_1_311' title='bbox 2694 595 2892 668; x_wconf 91' lang='lat' dir='ltr'>plenus</span> <span class='ocrx_word' id='word_1_312' title='bbox 2923 594 3100 649; x_wconf 82' lang='lat' dir='ltr'>sancti</span> <span class='ocrx_word' id='word_1_313' title='bbox 3137 592 3231 664; x_wconf 87' lang='lat' dir='ltr'>qui</span> <span class='ocrx_word' id='word_1_314' title='bbox 3270 591 3503 647; x_wconf 90' lang='lat' dir='ltr'>numine</span> <span class='ocrx_word' id='word_1_315' title='bbox 3530 592 3745 660; x_wconf 88' lang='lat' dir='ltr'>Flatus,</span> 
     </span>
    </p>
   </div>
   <div class='ocr_carea' id='block_1_53' title="bbox 2241 681 3613 757">
    <p class='ocr_par' dir='ltr' id='par_1_53' title="bbox 2241 681 3613 757">
     <span class='ocr_line' id='line_1_53' title="bbox 2241 681 3613 757; baseline -0.005 -13"><span class='ocrx_word' id='word_1_316' title='bbox 2241 689 2360 744; x_wconf 86' lang='lat' dir='ltr'>Jam</span> <span class='ocrx_word' id='word_1_317' title='bbox 2391 691 2535 744; x_wconf 90' lang='lat' dir='ltr'>Deus</span> <span class='ocrx_word' id='word_1_318' title='bbox 2562 697 2663 753; x_wconf 91' lang='lat' dir='ltr'>est,</span> <span class='ocrx_word' id='word_1_319' title='bbox 2693 685 2805 757; x_wconf 91' lang='lat' dir='ltr'>jam</span> <span class='ocrx_word' id='word_1_320' title='bbox 2828 683 3055 741; x_wconf 90' lang='lat' dir='ltr'>divinos</span> <span class='ocrx_word' id='word_1_321' title='bbox 3096 682 3326 738; x_wconf 91' lang='lat' dir='ltr'>sortitur</span> <span class='ocrx_word' id='word_1_322' title='bbox 3357 681 3613 738; x_wconf 88' lang='lat' dir='ltr'>honores.</span> 
     </span>
    </p>
   </div>
   <div class='ocr_carea' id='block_1_54' title="bbox 2316 772 3862 849">
    <p class='ocr_par' dir='ltr' id='par_1_54' title="bbox 2316 772 3862 849">
     <span class='ocr_line' id='line_1_54' title="bbox 2316 772 3862 849; baseline -0.003 -15"><span class='ocrx_word' id='word_1_323' title='bbox 2316 779 2435 834; x_wconf 72' lang='grc'><strong>141.</strong></span> <span class='ocrx_word' id='word_1_324' title='bbox 2473 779 2620 834; x_wconf 88' lang='lat' dir='ltr'>Neve</span> <span class='ocrx_word' id='word_1_325' title='bbox 2667 776 2787 849; x_wconf 92' lang='lat' dir='ltr'>opis</span> <span class='ocrx_word' id='word_1_326' title='bbox 2832 774 3091 846; x_wconf 90' lang='lat' dir='ltr'>indiguos</span> <span class='ocrx_word' id='word_1_327' title='bbox 3122 772 3317 829; x_wconf 87' lang='lat' dir='ltr'>dilatio</span> <span class='ocrx_word' id='word_1_328' title='bbox 3352 774 3529 828; x_wconf 90' lang='lat' dir='ltr'>multa</span> <span class='ocrx_word' id='word_1_329' title='bbox 3574 781 3862 844; x_wconf 81' lang='lat' dir='ltr'>gravaret,</span> 
     </span>
    </p>
   </div>
   <div class='ocr_carea' id='block_1_55' title="bbox 2240 863 3733 940">
    <p class='ocr_par' dir='ltr' id='par_1_55' title="bbox 2240 863 3733 940">
     <span class='ocr_line' id='line_1_55' title="bbox 2240 863 3733 940; baseline -0.004 -16"><span class='ocrx_word' id='word_1_330' title='bbox 2240 870 2543 937; x_wconf 82' lang='lat' dir='ltr'>Accelerat,</span> <span class='ocrx_word' id='word_1_331' title='bbox 2585 875 2849 940; x_wconf 88' lang='lat' dir='ltr'>raptoque</span> <span class='ocrx_word' id='word_1_332' title='bbox 2880 866 3074 938; x_wconf 90' lang='lat' dir='ltr'>gradu,</span> <span class='ocrx_word' id='word_1_333' title='bbox 3105 880 3217 937; x_wconf 90' lang='lat' dir='ltr'>quo</span> <span class='ocrx_word' id='word_1_334' title='bbox 3248 871 3379 919; x_wconf 87' lang='lat' dir='ltr'>vota</span> <span class='ocrx_word' id='word_1_335' title='bbox 3413 863 3733 935; x_wconf 87' lang='lat' dir='ltr'>requirunt,</span> 
     </span>
    </p>
   </div>
   <div class='ocr_carea' id='block_1_56' title="bbox 2240 954 3682 1025">
    <p class='ocr_par' dir='ltr' id='par_1_56' title="bbox 2240 954 3682 1025">
     <span class='ocr_line' id='line_1_56' title="bbox 2240 954 3682 1025; baseline -0.001 -12"><span class='ocrx_word' id='word_1_336' title='bbox 2240 959 2600 1015; x_wconf 80' lang='lat' dir='ltr'>Praestaturus</span> <span class='ocrx_word' id='word_1_337' title='bbox 2631 958 2807 1025; x_wconf 40' lang='lat' dir='ltr'>adest,</span> <span class='ocrx_word' id='word_1_338' title='bbox 2848 956 3029 1012; x_wconf 90' lang='lat' dir='ltr'>missis</span> <span class='ocrx_word' id='word_1_339' title='bbox 3060 954 3457 1011; x_wconf 87' lang='lat' dir='ltr'>comitantibus</span> <span class='ocrx_word' id='word_1_340' title='bbox 3481 954 3682 1012; x_wconf 88' lang='lat' dir='ltr'>isdem.</span> 
     </span>
    </p>
   </div>
   <div class='ocr_carea' id='block_1_57' title="bbox 2240 1044 3757 1120">
    <p class='ocr_par' dir='ltr' id='par_1_57' title="bbox 2240 1044 3757 1120">
     <span class='ocr_line' id='line_1_57' title="bbox 2240 1044 3757 1120; baseline -0.001 -17"><span class='ocrx_word' id='word_1_341' title='bbox 2240 1048 2389 1116; x_wconf 85' lang='lat' dir='ltr'>Mox,</span> <span class='ocrx_word' id='word_1_342' title='bbox 2424 1056 2683 1120; x_wconf 87' lang='lat' dir='ltr'>tanquam</span> <span class='ocrx_word' id='word_1_343' title='bbox 2725 1045 3018 1101; x_wconf 87' lang='lat' dir='ltr'>manifesta</span> <span class='ocrx_word' id='word_1_344' title='bbox 3046 1045 3196 1101; x_wconf 89' lang='lat' dir='ltr'>salus</span> <span class='ocrx_word' id='word_1_345' title='bbox 3221 1044 3467 1116; x_wconf 85' lang='lat' dir='ltr'>ingressa</span> <span class='ocrx_word' id='word_1_346' title='bbox 3495 1044 3757 1114; x_wconf 86' lang='lat' dir='ltr'>subisset,</span> 
     </span>
    </p>
   </div>
   <div class='ocr_carea' id='block_1_58' title="bbox 2239 1137 3611 1211">
    <p class='ocr_par' dir='ltr' id='par_1_58' title="bbox 2239 1137 3611 1211">
     <span class='ocr_line' id='line_1_58' title="bbox 2239 1137 3611 1211; baseline -0.001 -16"><span class='ocrx_word' id='word_1_347' title='bbox 2239 1139 2571 1211; x_wconf 85' lang='lat' dir='ltr'>Exspectata</span> <span class='ocrx_word' id='word_1_348' title='bbox 2592 1138 2770 1194; x_wconf 86' lang='lat' dir='ltr'>Patris</span> <span class='ocrx_word' id='word_1_349' title='bbox 2799 1139 3006 1194; x_wconf 90' lang='lat' dir='ltr'>relevat</span> <span class='ocrx_word' id='word_1_350' title='bbox 3033 1137 3327 1209; x_wconf 68' lang='lat' dir='ltr'>praesentia</span> <span class='ocrx_word' id='word_1_351' title='bbox 3361 1144 3611 1194; x_wconf 89' lang='lat' dir='ltr'>cunctos.</span> 
     </span>
    </p>
   </div>
   <div class='ocr_carea' id='block_1_59' title="bbox 2242 1227 3505 1286">
    <p class='ocr_par' dir='ltr' id='par_1_59' title="bbox 2242 1227 3505 1286">
     <span class='ocr_line' id='line_1_59' title="bbox 2242 1227 3505 1286; baseline -0.002 -1"><span class='ocrx_word' id='word_1_352' title='bbox 2242 1230 2343 1285; x_wconf 87' lang='lat' dir='ltr'>Hic</span> <span class='ocrx_word' id='word_1_353' title='bbox 2369 1237 2513 1285; x_wconf 89' lang='lat' dir='ltr'>artes</span> <span class='ocrx_word' id='word_1_354' title='bbox 2542 1228 2819 1286; x_wconf 88' lang='lat' dir='ltr'>Medicum</span> <span class='ocrx_word' id='word_1_355' title='bbox 2852 1235 3013 1283; x_wconf 89' lang='lat' dir='ltr'>notas</span> <span class='ocrx_word' id='word_1_356' title='bbox 3034 1227 3226 1283; x_wconf 79' lang='lat' dir='ltr'>efferre</span> <span class='ocrx_word' id='word_1_357' title='bbox 3254 1227 3505 1284; x_wconf 85' lang='lat' dir='ltr'>videres:</span> 
     </span>
    </p>
   </div>
   <div class='ocr_carea' id='block_1_60' title="bbox 2242 1317 3536 1392">
    <p class='ocr_par' dir='ltr' id='par_1_60' title="bbox 2242 1317 3536 1392">
     <span class='ocr_line' id='line_1_60' title="bbox 2242 1317 3536 1392; baseline 0 -17"><span class='ocrx_word' id='word_1_358' title='bbox 2242 1320 2382 1377; x_wconf 85' lang='lat' dir='ltr'>Hinc</span> <span class='ocrx_word' id='word_1_359' title='bbox 2412 1319 2605 1392; x_wconf 90' lang='lat' dir='ltr'>pietas,</span> <span class='ocrx_word' id='word_1_360' title='bbox 2644 1320 2804 1375; x_wconf 90' lang='lat' dir='ltr'>illinc</span> <span class='ocrx_word' id='word_1_361' title='bbox 2833 1317 3073 1390; x_wconf 89' lang='lat' dir='ltr'>perfecta</span> <span class='ocrx_word' id='word_1_362' title='bbox 3111 1317 3309 1390; x_wconf 88' lang='lat' dir='ltr'>peritia</span> <span class='ocrx_word' id='word_1_363' title='bbox 3346 1318 3536 1375; x_wconf 87' lang='lat' dir='ltr'>claret.</span> 
     </span>
    </p>
   </div>
   <div class='ocr_carea' id='block_1_61' title="bbox 2240 1405 3700 1476">
    <p class='ocr_par' dir='ltr' id='par_1_61' title="bbox 2240 1405 3700 1476">
     <span class='ocr_line' id='line_1_61' title="bbox 2240 1405 3700 1476; baseline 0 -13"><span class='ocrx_word' id='word_1_364' title='bbox 2240 1406 2539 1475; x_wconf 87' lang='lat' dir='ltr'>Sternitur,</span> <span class='ocrx_word' id='word_1_365' title='bbox 2567 1416 2621 1463; x_wconf 91' lang='lat' dir='ltr'>et</span> <span class='ocrx_word' id='word_1_366' title='bbox 2654 1406 2937 1465; x_wconf 89' lang='lat' dir='ltr'>Christum</span> <span class='ocrx_word' id='word_1_367' title='bbox 2964 1405 3128 1461; x_wconf 91' lang='lat' dir='ltr'>solito</span> <span class='ocrx_word' id='word_1_368' title='bbox 3156 1411 3462 1475; x_wconf 87' lang='lat' dir='ltr'>prostratus</span> <span class='ocrx_word' id='word_1_369' title='bbox 3485 1405 3700 1476; x_wconf 89' lang='lat' dir='ltr'>adorat,</span> 
     </span>
    </p>
   </div>
   <div class='ocr_carea' id='block_1_62' title="bbox 2241 1493 3773 1567">
    <p class='ocr_par' dir='ltr' id='par_1_62' title="bbox 2241 1493 3773 1567">
     <span class='ocr_line' id='line_1_62' title="bbox 2241 1493 3773 1567; baseline 0.002 -17"><span class='ocrx_word' id='word_1_370' title='bbox 2241 1495 2395 1552; x_wconf 88' lang='lat' dir='ltr'>Tunc</span> <span class='ocrx_word' id='word_1_371' title='bbox 2424 1496 2596 1567; x_wconf 90' lang='lat' dir='ltr'>magis</span> <span class='ocrx_word' id='word_1_372' title='bbox 2619 1496 2731 1552; x_wconf 89' lang='lat' dir='ltr'>alta</span> <span class='ocrx_word' id='word_1_373' title='bbox 2756 1503 2965 1567; x_wconf 87' lang='lat' dir='ltr'>petens,</span> <span class='ocrx_word' id='word_1_374' title='bbox 2995 1493 3152 1549; x_wconf 88' lang='lat' dir='ltr'>ﬁeret</span> <span class='ocrx_word' id='word_1_375' title='bbox 3182 1510 3311 1549; x_wconf 90' lang='lat' dir='ltr'>cum</span> <span class='ocrx_word' id='word_1_376' title='bbox 3342 1494 3569 1566; x_wconf 90' lang='lat' dir='ltr'>pronior</span> <span class='ocrx_word' id='word_1_377' title='bbox 3589 1496 3773 1553; x_wconf 83' lang='lat' dir='ltr'>arvis:</span> 
     </span>
    </p>
   </div>
   <div class='ocr_carea' id='block_1_63' title="bbox 2244 1586 3553 1660">
    <p class='ocr_par' dir='ltr' id='par_1_63' title="bbox 2244 1586 3553 1660">
     <span class='ocr_line' id='line_1_63' title="bbox 2244 1586 3553 1660; baseline -0.002 -15"><span class='ocrx_word' id='word_1_378' title='bbox 2244 1589 2489 1646; x_wconf 77' lang='lat' dir='ltr'>Auribus</span> <span class='ocrx_word' id='word_1_379' title='bbox 2522 1588 2654 1644; x_wconf 92' lang='lat' dir='ltr'>hinc</span> <span class='ocrx_word' id='word_1_380' title='bbox 2681 1587 2893 1660; x_wconf 90' lang='lat' dir='ltr'>superis</span> <span class='ocrx_word' id='word_1_381' title='bbox 2924 1588 3103 1643; x_wconf 85' lang='lat' dir='ltr'>oratio</span> <span class='ocrx_word' id='word_1_382' title='bbox 3133 1586 3255 1643; x_wconf 85' lang='lat' dir='ltr'>fusa</span> <span class='ocrx_word' id='word_1_383' title='bbox 3279 1586 3553 1657; x_wconf 87' lang='lat' dir='ltr'>salubris;</span> 
     </span>
    </p>
   </div>
   <div class='ocr_carea' id='block_1_64' title="bbox 2244 1679 3641 1754">
    <p class='ocr_par' dir='ltr' id='par_1_64' title="bbox 2244 1679 3641 1754">
     <span class='ocr_line' id='line_1_64' title="bbox 2244 1679 3641 1754; baseline -0.003 -15"><span class='ocrx_word' id='word_1_384' title='bbox 2244 1682 2345 1739; x_wconf 91' lang='lat' dir='ltr'>Cui</span> <span class='ocrx_word' id='word_1_385' title='bbox 2374 1683 2631 1754; x_wconf 67' lang='lat' dir='ltr'>lacryma:</span> <span class='ocrx_word' id='word_1_386' title='bbox 2660 1680 2836 1737; x_wconf 84' lang='lat' dir='ltr'>fecere</span> <span class='ocrx_word' id='word_1_387' title='bbox 2865 1681 3011 1735; x_wconf 88' lang='lat' dir='ltr'>viam</span> <span class='ocrx_word' id='word_1_388' title='bbox 3043 1695 3208 1752; x_wconf 89' lang='lat' dir='ltr'>super</span> <span class='ocrx_word' id='word_1_389' title='bbox 3234 1688 3379 1735; x_wconf 88' lang='lat' dir='ltr'>astra</span> <span class='ocrx_word' id='word_1_390' title='bbox 3406 1679 3641 1745; x_wconf 89' lang='lat' dir='ltr'>volanti,</span> 
     </span>
    </p>
   </div>
   <div class='ocr_carea' id='block_1_65' title="bbox 2242 1770 3651 1843">
    <p class='ocr_par' dir='ltr' id='par_1_65' title="bbox 2242 1770 3651 1843">
     <span class='ocr_line' id='line_1_65' title="bbox 2242 1770 3651 1843; baseline -0.001 -16"><span class='ocrx_word' id='word_1_391' title='bbox 2242 1771 2453 1828; x_wconf 89' lang='lat' dir='ltr'>Gaudia</span> <span class='ocrx_word' id='word_1_392' title='bbox 2476 1771 2777 1827; x_wconf 89' lang='lat' dir='ltr'>multorum</span> <span class='ocrx_word' id='word_1_393' title='bbox 2810 1777 3120 1827; x_wconf 89' lang='lat' dir='ltr'>mercantur</span> <span class='ocrx_word' id='word_1_394' title='bbox 3144 1770 3377 1825; x_wconf 87' lang='lat' dir='ltr'>ﬁumina</span> <span class='ocrx_word' id='word_1_395' title='bbox 3413 1786 3651 1843; x_wconf 84' lang='lat' dir='ltr'>quarum</span> 
     </span>
    </p>
   </div>
   <div class='ocr_carea' id='block_1_66' title="bbox 2236 1860 3477 1933">
    <p class='ocr_par' dir='ltr' id='par_1_66' title="bbox 2236 1860 3477 1933">
     <span class='ocr_line' id='line_1_66' title="bbox 2236 1860 3477 1933; baseline 0.002 -19"><span class='ocrx_word' id='word_1_396' title='bbox 2236 1861 2436 1915; x_wconf 89' lang='lat' dir='ltr'>Invisit</span> <span class='ocrx_word' id='word_1_397' title='bbox 2461 1861 2738 1929; x_wconf 90' lang='lat' dir='ltr'>dominos,</span> <span class='ocrx_word' id='word_1_398' title='bbox 2767 1861 2960 1916; x_wconf 85' lang='lat' dir='ltr'>invisit</span> <span class='ocrx_word' id='word_1_399' title='bbox 2988 1860 3225 1933; x_wconf 89' lang='lat' dir='ltr'>denique</span> <span class='ocrx_word' id='word_1_400' title='bbox 3258 1876 3477 1917; x_wconf 88' lang='lat' dir='ltr'>servos:</span> 
     </span>
    </p>
   </div>
   <div class='ocr_carea' id='block_1_67' title="bbox 2240 1949 3533 2007">
    <p class='ocr_par' dir='ltr' id='par_1_67' title="bbox 2240 1949 3533 2007">
     <span class='ocr_line' id='line_1_67' title="bbox 2240 1949 3533 2007; baseline 0.001 -1"><span class='ocrx_word' id='word_1_401' title='bbox 2240 1949 2485 2006; x_wconf 83' lang='lat' dir='ltr'>Certanti</span> <span class='ocrx_word' id='word_1_402' title='bbox 2515 1950 2701 2006; x_wconf 87' lang='lat' dir='ltr'>studio</span> <span class='ocrx_word' id='word_1_403' title='bbox 2734 1950 3031 2006; x_wconf 89' lang='lat' dir='ltr'>indiscreta</span> <span class='ocrx_word' id='word_1_404' title='bbox 3057 1951 3263 2007; x_wconf 88' lang='lat' dir='ltr'>cubilia</span> <span class='ocrx_word' id='word_1_405' title='bbox 3293 1951 3493 2007; x_wconf 88' lang='lat' dir='ltr'>lustrat</span> <span class='ocrx_word' id='word_1_406' title='bbox 3521 1970 3533 2007; x_wconf 94' lang='lat'>:</span> 
     </span>
    </p>
   </div>
   <div class='ocr_carea' id='block_1_68' title="bbox 2233 2042 3495 2115">
    <p class='ocr_par' dir='ltr' id='par_1_68' title="bbox 2233 2042 3495 2115">
     <span class='ocr_line' id='line_1_68' title="bbox 2233 2042 3495 2115; baseline 0.002 -17"><span class='ocrx_word' id='word_1_407' title='bbox 2233 2042 2504 2099; x_wconf 90' lang='lat' dir='ltr'>Omnibus</span> <span class='ocrx_word' id='word_1_408' title='bbox 2531 2042 2791 2098; x_wconf 72' lang='lat' dir='ltr'>aethereas</span> <span class='ocrx_word' id='word_1_409' title='bbox 2818 2043 3066 2115; x_wconf 89' lang='lat' dir='ltr'>impertit</span> <span class='ocrx_word' id='word_1_410' title='bbox 3083 2042 3207 2114; x_wconf 91' lang='lat' dir='ltr'>jure</span> <span class='ocrx_word' id='word_1_411' title='bbox 3238 2044 3495 2101; x_wconf 81' lang='lat' dir='ltr'>medelas.</span> 
     </span>
    </p>
   </div>
   <div class='ocr_carea' id='block_1_69' title="bbox 2234 2132 3298 2205">
    <p class='ocr_par' dir='ltr' id='par_1_69' title="bbox 2234 2132 3298 2205">
     <span class='ocr_line' id='line_1_69' title="bbox 2234 2132 3298 2205; baseline 0.002 -18"><span class='ocrx_word' id='word_1_412' title='bbox 2234 2132 2409 2188; x_wconf 92' lang='lat' dir='ltr'>Unius</span> <span class='ocrx_word' id='word_1_413' title='bbox 2434 2133 2611 2205; x_wconf 90' lang='lat' dir='ltr'>spatio</span> <span class='ocrx_word' id='word_1_414' title='bbox 2642 2149 2729 2189; x_wconf 91' lang='lat' dir='ltr'>res</span> <span class='ocrx_word' id='word_1_415' title='bbox 2755 2141 2837 2189; x_wconf 90' lang='lat' dir='ltr'>est</span> <span class='ocrx_word' id='word_1_416' title='bbox 2864 2134 3114 2190; x_wconf 87' lang='lat' dir='ltr'>confecta</span> <span class='ocrx_word' id='word_1_417' title='bbox 3145 2134 3257 2190; x_wconf 89' lang='lat' dir='ltr'>diei</span> <span class='ocrx_word' id='word_1_418' title='bbox 3284 2152 3298 2201; x_wconf 92' lang='lat'>;</span> 
     </span>
    </p>
   </div>
   <div class='ocr_carea' id='block_1_70' title="bbox 2235 2221 3433 2280">
    <p class='ocr_par' dir='ltr' id='par_1_70' title="bbox 2235 2221 3433 2280">
     <span class='ocr_line' id='line_1_70' title="bbox 2235 2221 3433 2280; baseline 0.002 -3"><span class='ocrx_word' id='word_1_419' title='bbox 2235 2222 2352 2278; x_wconf 89' lang='lat' dir='ltr'>Una</span> <span class='ocrx_word' id='word_1_420' title='bbox 2380 2221 2497 2277; x_wconf 88' lang='lat' dir='ltr'>dies</span> <span class='ocrx_word' id='word_1_421' title='bbox 2524 2221 2740 2278; x_wconf 90' lang='lat' dir='ltr'>cunctis</span> <span class='ocrx_word' id='word_1_422' title='bbox 2770 2222 2916 2279; x_wconf 88' lang='lat' dir='ltr'>fudit</span> <span class='ocrx_word' id='word_1_423' title='bbox 2943 2223 3189 2279; x_wconf 89' lang='lat' dir='ltr'>fomenta</span> <span class='ocrx_word' id='word_1_424' title='bbox 3218 2223 3433 2280; x_wconf 88' lang='lat' dir='ltr'>salutis.</span> 
     </span>
    </p>
   </div>
   <div class='ocr_carea' id='block_1_71' title="bbox 2232 2312 3766 2385">
    <p class='ocr_par' dir='ltr' id='par_1_71' title="bbox 2232 2312 3766 2385">
     <span class='ocr_line' id='line_1_71' title="bbox 2232 2312 3766 2385; baseline -0.001 -16"><span class='ocrx_word' id='word_1_425' title='bbox 2232 2313 2360 2369; x_wconf 89' lang='lat' dir='ltr'>Post</span> <span class='ocrx_word' id='word_1_426' title='bbox 2390 2312 2521 2370; x_wconf 89' lang='lat' dir='ltr'>hinc</span> <span class='ocrx_word' id='word_1_427' title='bbox 2547 2312 2893 2385; x_wconf 87' lang='lat' dir='ltr'>digreditur:</span> <span class='ocrx_word' id='word_1_428' title='bbox 2923 2313 3186 2370; x_wconf 92' lang='lat' dir='ltr'>dominus</span> <span class='ocrx_word' id='word_1_429' title='bbox 3215 2314 3516 2371; x_wconf 89' lang='lat' dir='ltr'>comitatur</span> <span class='ocrx_word' id='word_1_430' title='bbox 3542 2321 3766 2370; x_wconf 86' lang='lat' dir='ltr'>euntem</span> 
     </span>
    </p>
   </div>
   <div class='ocr_carea' id='block_1_72' title="bbox 2233 2404 3693 2478">
    <p class='ocr_par' dir='ltr' id='par_1_72' title="bbox 2233 2404 3693 2478">
     <span class='ocr_line' id='line_1_72' title="bbox 2233 2404 3693 2478; baseline 0 -19"><span class='ocrx_word' id='word_1_431' title='bbox 2233 2404 2352 2476; x_wconf 90' lang='lat' dir='ltr'>Ipse</span> <span class='ocrx_word' id='word_1_432' title='bbox 2381 2404 2610 2461; x_wconf 87' lang='lat' dir='ltr'>domus:</span> <span class='ocrx_word' id='word_1_433' title='bbox 2645 2405 2883 2477; x_wconf 88' lang='lat' dir='ltr'>gaudent</span> <span class='ocrx_word' id='word_1_434' title='bbox 2913 2405 3179 2478; x_wconf 88' lang='lat' dir='ltr'>reparatis</span> <span class='ocrx_word' id='word_1_435' title='bbox 3214 2404 3429 2461; x_wconf 89' lang='lat' dir='ltr'>viribus</span> <span class='ocrx_word' id='word_1_436' title='bbox 3457 2420 3693 2461; x_wconf 88' lang='lat' dir='ltr'>omnes:</span> 
     </span>
    </p>
   </div>
   <div class='ocr_carea' id='block_1_73' title="bbox 2232 2494 3833 2569">
    <p class='ocr_par' dir='ltr' id='par_1_73' title="bbox 2232 2494 3833 2569">
     <span class='ocr_line' id='line_1_73' title="bbox 2232 2494 3833 2569; baseline 0 -19"><span class='ocrx_word' id='word_1_437' title='bbox 2232 2494 2463 2551; x_wconf 89' lang='lat' dir='ltr'>Plausus</span> <span class='ocrx_word' id='word_1_438' title='bbox 2492 2495 2696 2569; x_wconf 90' lang='lat' dir='ltr'>ubique</span> <span class='ocrx_word' id='word_1_439' title='bbox 2727 2504 2904 2565; x_wconf 89' lang='lat' dir='ltr'>sonat,</span> <span class='ocrx_word' id='word_1_440' title='bbox 2944 2496 3189 2569; x_wconf 63' lang='lat' dir='ltr'>pulchrae</span> <span class='ocrx_word' id='word_1_441' title='bbox 3222 2506 3275 2553; x_wconf 88' lang='lat' dir='ltr'>et</span> <span class='ocrx_word' id='word_1_442' title='bbox 3297 2495 3607 2551; x_wconf 90' lang='lat' dir='ltr'>modulatio</span> <span class='ocrx_word' id='word_1_443' title='bbox 3639 2494 3833 2550; x_wconf 84' lang='lat' dir='ltr'>laudis.</span> 
     </span>
    </p>
   </div>
   <div class='ocr_carea' id='block_1_74' title="bbox 2232 2584 3831 2653">
    <p class='ocr_par' dir='ltr' id='par_1_74' title="bbox 2232 2584 3831 2653">
     <span class='ocr_line' id='line_1_74' title="bbox 2232 2584 3831 2653; baseline -0.004 -10"><span class='ocrx_word' id='word_1_444' title='bbox 2232 2584 2511 2643; x_wconf 87' lang='lat' dir='ltr'>Christum</span> <span class='ocrx_word' id='word_1_445' title='bbox 2536 2586 2944 2653; x_wconf 86' lang='lat' dir='ltr'>cunctaboant;</span> <span class='ocrx_word' id='word_1_446' title='bbox 2968 2586 3306 2643; x_wconf 90' lang='lat' dir='ltr'>Germanum</span> <span class='ocrx_word' id='word_1_447' title='bbox 3336 2592 3534 2643; x_wconf 89' lang='lat' dir='ltr'>cuncta</span> <span class='ocrx_word' id='word_1_448' title='bbox 3545 2585 3831 2641; x_wconf 84' lang='lat' dir='ltr'>resultant.</span> 
     </span>
    </p>
   </div>
   <div class='ocr_carea' id='block_1_75' title="bbox 2228 2674 3602 2755">
    <p class='ocr_par' dir='ltr' id='par_1_75' title="bbox 2228 2674 3602 2755">
     <span class='ocr_line' id='line_1_75' title="bbox 2228 2674 3602 2755; baseline 0.002 -27"><span class='ocrx_word' id='word_1_449' title='bbox 2228 2674 2419 2755; x_wconf 77' lang='lat' dir='ltr'>Gloria</span> <span class='ocrx_word' id='word_1_450' title='bbox 2451 2675 2533 2731; x_wconf 90' lang='lat' dir='ltr'>sic</span> <span class='ocrx_word' id='word_1_451' title='bbox 2562 2675 2819 2755; x_wconf 86' lang='lat' dir='ltr'>Domino,</span> <span class='ocrx_word' id='word_1_452' title='bbox 2851 2675 2931 2732; x_wconf 90' lang='lat' dir='ltr'>sic</span> <span class='ocrx_word' id='word_1_453' title='bbox 2960 2677 3158 2733; x_wconf 88' lang='lat' dir='ltr'>crescit</span> <span class='ocrx_word' id='word_1_454' title='bbox 3188 2676 3378 2749; x_wconf 91' lang='lat' dir='ltr'>opinio</span> <span class='ocrx_word' id='word_1_455' title='bbox 3410 2675 3602 2743; x_wconf 85' lang='lat' dir='ltr'>Servo,</span> 
     </span>
    </p>
   </div>
   <div class='ocr_carea' id='block_1_76' title="bbox 2229 2752 3688 2839">
    <p class='ocr_par' dir='ltr' id='par_1_76' title="bbox 2229 2752 3688 2839">
     <span class='ocr_line' id='line_1_76' title="bbox 2229 2752 3688 2839; baseline 0.001 -19"><span class='ocrx_word' id='word_1_456' title='bbox 2229 2752 2555 2835; x_wconf 83' lang='lat' dir='ltr'>Dispergens</span> <span class='ocrx_word' id='word_1_457' title='bbox 2587 2752 2852 2837; x_wconf 84' lang='lat' dir='ltr'>lepidum,</span> <span class='ocrx_word' id='word_1_458' title='bbox 2894 2781 3112 2839; x_wconf 90' lang='lat' dir='ltr'>quaqua</span> <span class='ocrx_word' id='word_1_459' title='bbox 3135 2765 3409 2839; x_wconf 90' lang='lat' dir='ltr'>pergebat,</span> <span class='ocrx_word' id='word_1_460' title='bbox 3437 2765 3688 2822; x_wconf 88' lang='lat' dir='ltr'>odorem.</span> 
     </span>
    </p>
   </div>
   <div class='ocr_carea' id='block_1_77' title="bbox 2233 2854 3520 2929">
    <p class='ocr_par' dir='ltr' id='par_1_77' title="bbox 2233 2854 3520 2929">
     <span class='ocr_line' id='line_1_77' title="bbox 2233 2854 3520 2929; baseline 0.002 -20"><span class='ocrx_word' id='word_1_461' title='bbox 2233 2854 2464 2910; x_wconf 88' lang='lat' dir='ltr'>Innatus</span> <span class='ocrx_word' id='word_1_462' title='bbox 2493 2854 2701 2927; x_wconf 89' lang='lat' dir='ltr'>subigit</span> <span class='ocrx_word' id='word_1_463' title='bbox 2729 2864 3055 2912; x_wconf 90' lang='lat' dir='ltr'>cunctorum</span> <span class='ocrx_word' id='word_1_464' title='bbox 3086 2866 3305 2929; x_wconf 84' lang='lat' dir='ltr'>pectora</span> <span class='ocrx_word' id='word_1_465' title='bbox 3334 2857 3520 2912; x_wconf 87' lang='lat' dir='ltr'>fervor</span> 
     </span>
    </p>
   </div>
   <div class='ocr_carea' id='block_1_78' title="bbox 2229 2944 3667 3014">
    <p class='ocr_par' dir='ltr' id='par_1_78' title="bbox 2229 2944 3667 3014">
     <span class='ocr_line' id='line_1_78' title="bbox 2229 2944 3667 3014; baseline 0.001 -14"><span class='ocrx_word' id='word_1_466' title='bbox 2229 2944 2397 3000; x_wconf 89' lang='lat' dir='ltr'>Nosse</span> <span class='ocrx_word' id='word_1_467' title='bbox 2431 2945 2648 3014; x_wconf 87' lang='lat' dir='ltr'>Virum,</span> <span class='ocrx_word' id='word_1_468' title='bbox 2682 2946 2821 3001; x_wconf 88' lang='lat' dir='ltr'>mira</span> <span class='ocrx_word' id='word_1_469' title='bbox 2850 2947 3175 3004; x_wconf 90' lang='lat' dir='ltr'>meritorum</span> <span class='ocrx_word' id='word_1_470' title='bbox 3207 2949 3327 3004; x_wconf 90' lang='lat' dir='ltr'>luce</span> <span class='ocrx_word' id='word_1_471' title='bbox 3352 2963 3667 3004; x_wconf 88' lang='lat' dir='ltr'>coruscum.</span> 
     </span>
    </p>
   </div>
   <div class='ocr_carea' id='block_1_79' title="bbox 2228 3034 3763 3112">
    <p class='ocr_par' dir='ltr' id='par_1_79' title="bbox 2228 3034 3763 3112">
     <span class='ocr_line' id='line_1_79' title="bbox 2228 3034 3763 3112; baseline 0.001 -21"><span class='ocrx_word' id='word_1_472' title='bbox 2228 3034 2403 3091; x_wconf 85' lang='lat' dir='ltr'>Multa</span> <span class='ocrx_word' id='word_1_473' title='bbox 2430 3036 2653 3108; x_wconf 86' lang='lat' dir='ltr'>quidem</span> <span class='ocrx_word' id='word_1_474' title='bbox 2681 3037 2942 3095; x_wconf 89' lang='lat' dir='ltr'>suberant</span> <span class='ocrx_word' id='word_1_475' title='bbox 2971 3040 3180 3095; x_wconf 90' lang='lat' dir='ltr'>clarum</span> <span class='ocrx_word' id='word_1_476' title='bbox 3212 3038 3493 3112; x_wconf 86' lang='lat' dir='ltr'>gignentia</span> <span class='ocrx_word' id='word_1_477' title='bbox 3522 3052 3763 3104; x_wconf 88' lang='lat' dir='ltr'>nomen;</span> 
     </span>
    </p>
   </div>
   <div class='ocr_carea' id='block_1_80' title="bbox 2146 3125 3819 3227">
    <p class='ocr_par' dir='ltr' id='par_1_80' title="bbox 2146 3125 3819 3227">
     <span class='ocr_line' id='line_1_80' title="bbox 2146 3125 3819 3227; baseline 0 -45"><span class='ocrx_word' id='word_1_478' title='bbox 2146 3168 2194 3227; x_wconf 71' lang='grc' dir='ltr'>Β</span> <span class='ocrx_word' id='word_1_479' title='bbox 2226 3127 2457 3197; x_wconf 89' lang='lat' dir='ltr'>Dogma,</span> <span class='ocrx_word' id='word_1_480' title='bbox 2494 3125 2669 3197; x_wconf 87' lang='lat' dir='ltr'>labor,</span> <span class='ocrx_word' id='word_1_481' title='bbox 2701 3128 2953 3198; x_wconf 87' lang='lat' dir='ltr'>comitas,</span> <span class='ocrx_word' id='word_1_482' title='bbox 2988 3146 3187 3198; x_wconf 89' lang='lat' dir='ltr'>mores,</span> <span class='ocrx_word' id='word_1_483' title='bbox 3219 3128 3552 3197; x_wconf 86' lang='lat' dir='ltr'>constantia,</span> <span class='ocrx_word' id='word_1_484' title='bbox 3604 3128 3819 3192; x_wconf 81' lang='lat' dir='ltr'>fervor;</span> 
     </span>
    </p>
   </div>
   <div class='ocr_carea' id='block_1_81' title="bbox 2223 3213 3815 3292">
    <p class='ocr_par' dir='ltr' id='par_1_81' title="bbox 2223 3213 3815 3292">
     <span class='ocr_line' id='line_1_81' title="bbox 2223 3213 3815 3292; baseline 0.001 -23"><span class='ocrx_word' id='word_1_485' title='bbox 2223 3213 2489 3287; x_wconf 88' lang='lat' dir='ltr'>Quodque</span> <span class='ocrx_word' id='word_1_486' title='bbox 2517 3224 2599 3271; x_wconf 89' lang='lat' dir='ltr'>est</span> <span class='ocrx_word' id='word_1_487' title='bbox 2630 3218 2991 3291; x_wconf 71' lang='lat' dir='ltr'>praecipuum,</span> <span class='ocrx_word' id='word_1_488' title='bbox 3025 3220 3252 3276; x_wconf 90' lang='lat' dir='ltr'>dilectio</span> <span class='ocrx_word' id='word_1_489' title='bbox 3281 3219 3519 3292; x_wconf 87' lang='lat' dir='ltr'>plurima</span> <span class='ocrx_word' id='word_1_490' title='bbox 3548 3218 3815 3279; x_wconf 85' lang='lat' dir='ltr'>fratrum;</span> 
     </span>
    </p>
   </div>
   <div class='ocr_carea' id='block_1_82' title="bbox 2223 3302 3817 3382">
    <p class='ocr_par' dir='ltr' id='par_1_82' title="bbox 2223 3302 3817 3382">
     <span class='ocr_line' id='line_1_82' title="bbox 2223 3302 3817 3382; baseline 0.003 -23"><span class='ocrx_word' id='word_1_491' title='bbox 2223 3302 2338 3370; x_wconf 86' lang='lat' dir='ltr'>Qua</span> <span class='ocrx_word' id='word_1_492' title='bbox 2372 3320 2535 3376; x_wconf 88' lang='lat' dir='ltr'>grave</span> <span class='ocrx_word' id='word_1_493' title='bbox 2563 3305 2841 3379; x_wconf 86' lang='lat' dir='ltr'>quidquid</span> <span class='ocrx_word' id='word_1_494' title='bbox 2870 3317 3006 3376; x_wconf 89' lang='lat' dir='ltr'>erat,</span> <span class='ocrx_word' id='word_1_495' title='bbox 3036 3317 3288 3382; x_wconf 90' lang='lat' dir='ltr'>terraque</span> <span class='ocrx_word' id='word_1_496' title='bbox 3314 3310 3561 3382; x_wconf 88' lang='lat' dir='ltr'>marique</span> <span class='ocrx_word' id='word_1_497' title='bbox 3586 3308 3817 3364; x_wconf 87' lang='lat' dir='ltr'>ferebat.</span> 
     </span>
    </p>
   </div>
   <div class='ocr_carea' id='block_1_83' title="bbox 2297 3394 3819 3472">
    <p class='ocr_par' dir='ltr' id='par_1_83' title="bbox 2297 3394 3819 3472">
     <span class='ocr_line' id='line_1_83' title="bbox 2297 3394 3819 3472; baseline 0.001 -23"><span class='ocrx_word' id='word_1_498' title='bbox 2297 3394 2416 3451; x_wconf 71' lang='grc'>142.</span> <span class='ocrx_word' id='word_1_499' title='bbox 2436 3395 2581 3462; x_wconf 88' lang='lat' dir='ltr'>Quid</span> <span class='ocrx_word' id='word_1_500' title='bbox 2601 3406 2680 3464; x_wconf 93' lang='lat' dir='ltr'>tu,</span> <span class='ocrx_word' id='word_1_501' title='bbox 2708 3398 2841 3470; x_wconf 91' lang='lat' dir='ltr'>quid</span> <span class='ocrx_word' id='word_1_502' title='bbox 2862 3415 3107 3470; x_wconf 88' lang='lat' dir='ltr'>gressum</span> <span class='ocrx_word' id='word_1_503' title='bbox 3129 3407 3309 3472; x_wconf 86' lang='lat' dir='ltr'>raptas</span> <span class='ocrx_word' id='word_1_504' title='bbox 3328 3415 3422 3472; x_wconf 89' lang='lat' dir='ltr'>per</span> <span class='ocrx_word' id='word_1_505' title='bbox 3439 3399 3601 3456; x_wconf 88' lang='lat' dir='ltr'>devia</span> <span class='ocrx_word' id='word_1_506' title='bbox 3622 3396 3819 3454; x_wconf 76' lang='lat' dir='ltr'>sodes?</span> 
     </span>
    </p>
   </div>
   <div class='ocr_carea' id='block_1_84' title="bbox 2224 3482 3500 3562">
    <p class='ocr_par' dir='ltr' id='par_1_84' title="bbox 2224 3482 3500 3562">
     <span class='ocr_line' id='line_1_84' title="bbox 2224 3482 3500 3562; baseline 0.005 -24"><span class='ocrx_word' id='word_1_507' title='bbox 2224 3482 2369 3549; x_wconf 89' lang='lat' dir='ltr'>Quid</span> <span class='ocrx_word' id='word_1_508' title='bbox 2394 3486 2696 3542; x_wconf 84' lang='lat' dir='ltr'>cancellato</span> <span class='ocrx_word' id='word_1_509' title='bbox 2728 3487 2901 3544; x_wconf 79' lang='lat' dir='ltr'>flectis</span> <span class='ocrx_word' id='word_1_510' title='bbox 2938 3489 3266 3562; x_wconf 87' lang='lat' dir='ltr'>compendia</span> <span class='ocrx_word' id='word_1_511' title='bbox 3284 3490 3452 3545; x_wconf 91' lang='lat' dir='ltr'>ductu</span> <span class='ocrx_word' id='word_1_512' title='bbox 3470 3488 3500 3545; x_wconf 78' lang='lat'><strong>?</strong></span> 
     </span>
    </p>
   </div>
   <div class='ocr_carea' id='block_1_85' title="bbox 2221 3574 3545 3653">
    <p class='ocr_par' dir='ltr' id='par_1_85' title="bbox 2221 3574 3545 3653">
     <span class='ocr_line' id='line_1_85' title="bbox 2221 3574 3545 3653; baseline 0.005 -24"><span class='ocrx_word' id='word_1_513' title='bbox 2221 3575 2303 3629; x_wconf 91' lang='lat' dir='ltr'>Ire</span> <span class='ocrx_word' id='word_1_514' title='bbox 2334 3574 2488 3631; x_wconf 88' lang='lat' dir='ltr'>brevi</span> <span class='ocrx_word' id='word_1_515' title='bbox 2515 3583 2749 3649; x_wconf 87' lang='lat' dir='ltr'>poteras,</span> <span class='ocrx_word' id='word_1_516' title='bbox 2788 3594 2896 3650; x_wconf 88' lang='lat' dir='ltr'>qua</span> <span class='ocrx_word' id='word_1_517' title='bbox 2924 3587 2977 3635; x_wconf 90' lang='lat' dir='ltr'>te</span> <span class='ocrx_word' id='word_1_518' title='bbox 3006 3594 3101 3650; x_wconf 92' lang='lat' dir='ltr'>per</span> <span class='ocrx_word' id='word_1_519' title='bbox 3135 3580 3298 3652; x_wconf 89' lang='lat' dir='ltr'>longa</span> <span class='ocrx_word' id='word_1_520' title='bbox 3329 3578 3545 3653; x_wconf 86' lang='lat' dir='ltr'>fatigas.</span> 
     </span>
    </p>
   </div>
   <div class='ocr_carea' id='block_1_86' title="bbox 2220 3666 3443 3742">
    <p class='ocr_par' dir='ltr' id='par_1_86' title="bbox 2220 3666 3443 3742">
     <span class='ocr_line' id='line_1_86' title="bbox 2220 3666 3443 3742; baseline 0.002 -19"><span class='ocrx_word' id='word_1_521' title='bbox 2220 3666 2535 3723; x_wconf 84' lang='lat' dir='ltr'>Ravennam</span> <span class='ocrx_word' id='word_1_522' title='bbox 2563 3675 2710 3724; x_wconf 89' lang='lat' dir='ltr'>certe</span> <span class='ocrx_word' id='word_1_523' title='bbox 2738 3668 2940 3725; x_wconf 88' lang='lat' dir='ltr'>melius</span> <span class='ocrx_word' id='word_1_524' title='bbox 2970 3668 3062 3724; x_wconf 90' lang='lat' dir='ltr'>via</span> <span class='ocrx_word' id='word_1_525' title='bbox 3090 3670 3238 3742; x_wconf 87' lang='lat' dir='ltr'>regia</span> <span class='ocrx_word' id='word_1_526' title='bbox 3269 3668 3443 3725; x_wconf 87' lang='lat' dir='ltr'>ducit.</span> 
     </span>
    </p>
   </div>
   <div class='ocr_carea' id='block_1_87' title="bbox 2217 3757 3622 3833">
    <p class='ocr_par' dir='ltr' id='par_1_87' title="bbox 2217 3757 3622 3833">
     <span class='ocr_line' id='line_1_87' title="bbox 2217 3757 3622 3833; baseline 0.004 -22"><span class='ocrx_word' id='word_1_527' title='bbox 2217 3757 2338 3812; x_wconf 79' lang='lat' dir='ltr'>Non</span> <span class='ocrx_word' id='word_1_528' title='bbox 2369 3758 2437 3813; x_wconf 92' lang='lat' dir='ltr'>ab</span> <span class='ocrx_word' id='word_1_529' title='bbox 2469 3774 2526 3813; x_wconf 90' lang='lat' dir='ltr'>re</span> <span class='ocrx_word' id='word_1_530' title='bbox 2560 3759 2803 3827; x_wconf 90' lang='lat' dir='ltr'>tulerim,</span> <span class='ocrx_word' id='word_1_531' title='bbox 2844 3760 2991 3831; x_wconf 88' lang='lat' dir='ltr'>quod</span> <span class='ocrx_word' id='word_1_532' title='bbox 3020 3759 3354 3817; x_wconf 89' lang='lat' dir='ltr'>diverticula</span> <span class='ocrx_word' id='word_1_533' title='bbox 3384 3759 3622 3833; x_wconf 67' lang='lat' dir='ltr'>quaeris:</span> 
     </span>
    </p>
   </div>
   <div class='ocr_carea' id='block_1_88' title="bbox 2217 3848 3743 3923">
    <p class='ocr_par' dir='ltr' id='par_1_88' title="bbox 2217 3848 3743 3923">
     <span class='ocr_line' id='line_1_88' title="bbox 2217 3848 3743 3923; baseline 0.002 -21"><span class='ocrx_word' id='word_1_534' title='bbox 2217 3848 2393 3902; x_wconf 90' lang='lat' dir='ltr'>Immo</span> <span class='ocrx_word' id='word_1_535' title='bbox 2422 3864 2521 3921; x_wconf 90' lang='lat' dir='ltr'>ego</span> <span class='ocrx_word' id='word_1_536' title='bbox 2553 3848 2653 3921; x_wconf 91' lang='lat' dir='ltr'>(sic</span> <span class='ocrx_word' id='word_1_537' title='bbox 2681 3848 2921 3917; x_wconf 88' lang='lat' dir='ltr'>animus,</span> <span class='ocrx_word' id='word_1_538' title='bbox 2955 3849 3036 3906; x_wconf 90' lang='lat' dir='ltr'>sic</span> <span class='ocrx_word' id='word_1_539' title='bbox 3065 3848 3304 3923; x_wconf 89' lang='lat' dir='ltr'>denique</span> <span class='ocrx_word' id='word_1_540' title='bbox 3327 3851 3466 3906; x_wconf 91' lang='lat' dir='ltr'>ferre</span> <span class='ocrx_word' id='word_1_541' title='bbox 3493 3849 3743 3921; x_wconf 88' lang='lat' dir='ltr'>videtur)</span> 
     </span>
    </p>
   </div>
   <div class='ocr_carea' id='block_1_89' title="bbox 2218 3936 3672 4012">
    <p class='ocr_par' dir='ltr' id='par_1_89' title="bbox 2218 3936 3672 4012">
     <span class='ocr_line' id='line_1_89' title="bbox 2218 3936 3672 4012; baseline 0.001 -18"><span class='ocrx_word' id='word_1_542' title='bbox 2218 3938 2533 3994; x_wconf 81' lang='lat' dir='ltr'>Ravennam</span> <span class='ocrx_word' id='word_1_543' title='bbox 2565 3936 2826 3995; x_wconf 89' lang='lat' dir='ltr'>subtriste</span> <span class='ocrx_word' id='word_1_544' title='bbox 2855 3938 3070 4012; x_wconf 88' lang='lat' dir='ltr'>aliquid</span> <span class='ocrx_word' id='word_1_545' title='bbox 3100 3940 3445 4010; x_wconf 88' lang='lat' dir='ltr'>portendere,</span> <span class='ocrx_word' id='word_1_546' title='bbox 3481 3939 3672 4007; x_wconf 83' lang='lat' dir='ltr'>credo,</span> 
     </span>
    </p>
   </div>
   <div class='ocr_carea' id='block_1_90' title="bbox 2215 4027 3525 4102">
    <p class='ocr_par' dir='ltr' id='par_1_90' title="bbox 2215 4027 3525 4102">
     <span class='ocr_line' id='line_1_90' title="bbox 2215 4027 3525 4102; baseline 0.003 -19"><span class='ocrx_word' id='word_1_547' title='bbox 2215 4027 2369 4096; x_wconf 93' lang='lat' dir='ltr'>Quod</span> <span class='ocrx_word' id='word_1_548' title='bbox 2404 4028 2490 4083; x_wconf 90' lang='lat' dir='ltr'>vel</span> <span class='ocrx_word' id='word_1_549' title='bbox 2523 4029 2720 4097; x_wconf 86' lang='lat' dir='ltr'>exitio,</span> <span class='ocrx_word' id='word_1_550' title='bbox 2750 4031 2837 4085; x_wconf 87' lang='lat' dir='ltr'>vel</span> <span class='ocrx_word' id='word_1_551' title='bbox 2869 4031 3044 4102; x_wconf 90' lang='lat' dir='ltr'>possit</span> <span class='ocrx_word' id='word_1_552' title='bbox 3067 4030 3260 4087; x_wconf 86' lang='lat' dir='ltr'>cedere</span> <span class='ocrx_word' id='word_1_553' title='bbox 3280 4032 3484 4087; x_wconf 90' lang='lat' dir='ltr'>damno</span> <span class='ocrx_word' id='word_1_554' title='bbox 3512 4048 3525 4087; x_wconf 96' lang='lat'>:</span> 
     </span>
    </p>
   </div>
   <div class='ocr_carea' id='block_1_91' title="bbox 2213 4118 3682 4192">
    <p class='ocr_par' dir='ltr' id='par_1_91' title="bbox 2213 4118 3682 4192">
     <span class='ocr_line' id='line_1_91' title="bbox 2213 4118 3682 4192; baseline -0.001 -16"><span class='ocrx_word' id='word_1_555' title='bbox 2213 4118 2501 4191; x_wconf 88' lang='lat' dir='ltr'>Contiguis</span> <span class='ocrx_word' id='word_1_556' title='bbox 2530 4119 2679 4192; x_wconf 90' lang='lat' dir='ltr'>quod</span> <span class='ocrx_word' id='word_1_557' title='bbox 2710 4127 2821 4175; x_wconf 86' lang='lat' dir='ltr'>tam</span> <span class='ocrx_word' id='word_1_558' title='bbox 2853 4120 3143 4178; x_wconf 89' lang='lat' dir='ltr'>succedere</span> <span class='ocrx_word' id='word_1_559' title='bbox 3167 4120 3442 4178; x_wconf 61' lang='lat' dir='ltr'>manibus</span> <span class='ocrx_word' id='word_1_560' title='bbox 3474 4122 3682 4176; x_wconf 85' lang='lat' dir='ltr'>horres.</span> 
     </span>
    </p>
   </div>
   <div class='ocr_carea' id='block_1_92' title="bbox 2211 4208 3770 4285">
    <p class='ocr_par' dir='ltr' id='par_1_92' title="bbox 2211 4208 3770 4285">
     <span class='ocr_line' id='line_1_92' title="bbox 2211 4208 3770 4285; baseline 0.006 -22"><span class='ocrx_word' id='word_1_561' title='bbox 2211 4208 2494 4282; x_wconf 89' lang='lat' dir='ltr'>Quidquid</span> <span class='ocrx_word' id='word_1_562' title='bbox 2524 4208 2581 4265; x_wconf 92' lang='lat' dir='ltr'>id</span> <span class='ocrx_word' id='word_1_563' title='bbox 2618 4217 2720 4278; x_wconf 89' lang='lat' dir='ltr'>est,</span> <span class='ocrx_word' id='word_1_564' title='bbox 2750 4209 2987 4268; x_wconf 88' lang='lat' dir='ltr'>subsiste</span> <span class='ocrx_word' id='word_1_565' title='bbox 3014 4228 3228 4285; x_wconf 88' lang='lat' dir='ltr'>parum,</span> <span class='ocrx_word' id='word_1_566' title='bbox 3265 4211 3508 4284; x_wconf 88' lang='lat' dir='ltr'>ﬂatuque</span> <span class='ocrx_word' id='word_1_567' title='bbox 3532 4216 3770 4282; x_wconf 76' lang='lat' dir='ltr'>recepto,</span> 
     </span>
    </p>
   </div>
   <div class='ocr_carea' id='block_1_93' title="bbox 2210 4297 3636 4377">
    <p class='ocr_par' dir='ltr' id='par_1_93' title="bbox 2210 4297 3636 4377">
     <span class='ocr_line' id='line_1_93' title="bbox 2210 4297 3636 4377; baseline 0.001 -22"><span class='ocrx_word' id='word_1_568' title='bbox 2210 4297 2447 4356; x_wconf 86' lang='lat' dir='ltr'>Obnixis</span> <span class='ocrx_word' id='word_1_569' title='bbox 2474 4298 2677 4356; x_wconf 89' lang='lat' dir='ltr'>animis</span> <span class='ocrx_word' id='word_1_570' title='bbox 2722 4311 2969 4374; x_wconf 88' lang='lat' dir='ltr'>superest</span> <span class='ocrx_word' id='word_1_571' title='bbox 2999 4302 3370 4377; x_wconf 88' lang='lat' dir='ltr'>quodcunque</span> <span class='ocrx_word' id='word_1_572' title='bbox 3403 4301 3636 4360; x_wconf 86' lang='lat' dir='ltr'>subibis.</span> 
     </span>
    </p>
   </div>
   <div class='ocr_carea' id='block_1_94' title="bbox 2278 4457 3659 4538">
    <p class='ocr_par' dir='ltr' id='par_1_94' title="bbox 2278 4457 3659 4538">
     <span class='ocr_line' id='line_1_94' title="bbox 2278 4457 3659 4538; baseline 0 -19"><span class='ocrx_word' id='word_1_573' title='bbox 2278 4457 2301 4492; x_wconf 74' lang='lat'><em>&quot;</em></span> <span class='ocrx_word' id='word_1_574' title='bbox 2338 4461 2524 4519; x_wconf 79' lang='lat' dir='ltr'>Soldos</span> <span class='ocrx_word' id='word_1_575' title='bbox 2552 4479 2653 4536; x_wconf 92' lang='lat' dir='ltr'>pro</span> <span class='ocrx_word' id='word_1_576' title='bbox 2680 4464 2896 4536; x_wconf 82' lang='lat' dir='ltr'>solidos,</span> <span class='ocrx_word' id='word_1_577' title='bbox 2930 4465 3025 4538; x_wconf 90' lang='lat' dir='ltr'>qui</span> <span class='ocrx_word' id='word_1_578' title='bbox 3060 4464 3277 4522; x_wconf 92' lang='lat' dir='ltr'>nummi</span> <span class='ocrx_word' id='word_1_579' title='bbox 3301 4474 3456 4523; x_wconf 90' lang='lat' dir='ltr'>erant</span> <span class='ocrx_word' id='word_1_580' title='bbox 3485 4462 3659 4521; x_wconf 87' lang='lat' dir='ltr'>aurei.</span> 
     </span>
    </p>
   </div>
   <div class='ocr_carea' id='block_1_95' title="bbox 1654 4727 2610 4823">
    <p class='ocr_par' dir='ltr' id='par_1_95' title="bbox 1654 4727 2610 4823">
     <span class='ocr_line' id='line_1_95' title="bbox 1654 4727 2610 4823; baseline 0.004 -21"><span class='ocrx_word' id='word_1_581' title='bbox 1654 4741 2071 4803; x_wconf 58' lang='lat' dir='ltr'>PRIEFATIO</span> <span class='ocrx_word' id='word_1_582' title='bbox 2111 4743 2316 4805; x_wconf 82' lang='lat' dir='ltr'>LIBRI</span> <span class='ocrx_word' id='word_1_583' title='bbox 2360 4727 2610 4823; x_wconf 82' lang='lat' dir='ltr'>SEXTI,</span> 
     </span>
    </p>
   </div>
   <div class='ocr_carea' id='block_1_96' title="bbox 1717 4876 2548 4961">
    <p class='ocr_par' dir='ltr' id='par_1_96' title="bbox 1717 4876 2548 4961">
     <span class='ocr_line' id='line_1_96' title="bbox 1717 4876 2548 4961; baseline 0.012 -25"><span class='ocrx_word' id='word_1_584' title='bbox 1717 4883 1921 4958; x_wconf 80' lang='grc' dir='ltr'>Δικώλῳ</span> <span class='ocrx_word' id='word_1_585' title='bbox 1950 4880 2210 4961; x_wconf 78' lang='grc' dir='ltr'>διστρὸφῳ</span> <span class='ocrx_word' id='word_1_586' title='bbox 2253 4876 2548 4947; x_wconf 76' lang='lat' dir='ltr'>variata.</span> 
     </span>
    </p>
   </div>
   <div class='ocr_carea' id='block_1_97' title="bbox 494 5167 2184 5249">
    <p class='ocr_par' dir='ltr' id='par_1_97' title="bbox 494 5167 2184 5249">
     <span class='ocr_line' id='line_1_97' title="bbox 494 5167 2184 5249; baseline 0.008 -26"><span class='ocrx_word' id='word_1_587' title='bbox 494 5167 616 5226; x_wconf 73' lang='grc'>143.</span> <span class='ocrx_word' id='word_1_588' title='bbox 649 5168 938 5242; x_wconf 82' lang='lat' dir='ltr'>Expensas</span> <span class='ocrx_word' id='word_1_589' title='bbox 967 5168 1151 5243; x_wconf 89' lang='lat' dir='ltr'>operis</span> <span class='ocrx_word' id='word_1_590' title='bbox 1180 5171 1393 5230; x_wconf 90' lang='lat' dir='ltr'>claudit</span> <span class='ocrx_word' id='word_1_591' title='bbox 1420 5170 1830 5245; x_wconf 88' lang='lat' dir='ltr'>pulcherrimus</span> <span class='ocrx_word' id='word_1_592' title='bbox 1858 5180 1971 5248; x_wconf 69' lang='grc' dir='ltr'><strong><em>ἑξὰς</em></strong></span> <span class='ocrx_word' id='word_1_593' title='bbox 1999 5183 2021 5209; x_wconf 82' lang='grc'><em>³</em></span> <span class='ocrx_word' id='word_1_594' title='bbox 2052 5194 2067 5244; x_wconf 90' lang='grc'><strong>;</strong></span> <span class='ocrx_word' id='word_1_595' title='bbox 2134 5189 2184 5249; x_wconf 83' lang='lat'>1)</span> 
     </span>
    </p>
   </div>
   <div class='ocr_carea' id='block_1_98' title="bbox 970 5271 1604 5343">
    <p class='ocr_par' dir='ltr' id='par_1_98' title="bbox 970 5271 1604 5343">
     <span class='ocr_line' id='line_1_98' title="bbox 970 5271 1604 5343; baseline 0.005 -15"><span class='ocrx_word' id='word_1_596' title='bbox 970 5271 1167 5330; x_wconf 88' lang='lat' dir='ltr'>Lector</span> <span class='ocrx_word' id='word_1_597' title='bbox 1203 5274 1398 5343; x_wconf 90' lang='lat' dir='ltr'>amice,</span> <span class='ocrx_word' id='word_1_598' title='bbox 1429 5273 1604 5331; x_wconf 90' lang='lat' dir='ltr'>vides.</span> 
     </span>
    </p>
   </div>
   <div class='ocr_carea' id='block_1_99' title="bbox 491 5356 1850 5439">
    <p class='ocr_par' dir='ltr' id='par_1_99' title="bbox 491 5356 1850 5439">
     <span class='ocr_line' id='line_1_99' title="bbox 491 5356 1850 5439; baseline 0.007 -23"><span class='ocrx_word' id='word_1_599' title='bbox 491 5356 662 5432; x_wconf 87' lang='lat' dir='ltr'>Cujus</span> <span class='ocrx_word' id='word_1_600' title='bbox 688 5362 737 5420; x_wconf 87' lang='lat' dir='ltr'>si</span> <span class='ocrx_word' id='word_1_601' title='bbox 768 5378 960 5420; x_wconf 89' lang='lat' dir='ltr'>causas</span> <span class='ocrx_word' id='word_1_602' title='bbox 991 5372 1046 5420; x_wconf 93' lang='lat' dir='ltr'>et</span> <span class='ocrx_word' id='word_1_603' title='bbox 1075 5364 1311 5437; x_wconf 89' lang='lat' dir='ltr'>mystica</span> <span class='ocrx_word' id='word_1_604' title='bbox 1340 5364 1593 5437; x_wconf 80' lang='lat' dir='ltr'>symbols</span> <span class='ocrx_word' id='word_1_605' title='bbox 1620 5381 1850 5439; x_wconf 66' lang='lat' dir='ltr'>quaeras,</span> 
     </span>
    </p>
   </div>
   <div class='ocr_carea' id='block_1_100' title="bbox 560 5496 2093 5586">
    <p class='ocr_par' dir='ltr' id='par_1_100' title="bbox 560 5496 2093 5586">
     <span class='ocr_line' id='line_1_100' title="bbox 560 5496 2093 5586; baseline 0.004 -23"><span class='ocrx_word' id='word_1_606' title='bbox 560 5508 582 5536; x_wconf 84' lang='lat'>&#39;</span> <span class='ocrx_word' id='word_1_607' title='bbox 627 5496 762 5574; x_wconf 69' lang='grc' dir='ltr'>ὲεάς</span> <span class='ocrx_word' id='word_1_608' title='bbox 791 5549 806 5575; x_wconf 91' lang='grc'><em>,</em></span> <span class='ocrx_word' id='word_1_609' title='bbox 836 5507 891 5564; x_wconf 92' lang='lat' dir='ltr'>id</span> <span class='ocrx_word' id='word_1_610' title='bbox 923 5515 1006 5565; x_wconf 90' lang='lat' dir='ltr'>est</span> <span class='ocrx_word' id='word_1_611' title='bbox 1036 5526 1299 5566; x_wconf 91' lang='lat' dir='ltr'>numerus</span> <span class='ocrx_word' id='word_1_612' title='bbox 1336 5510 1603 5579; x_wconf 90' lang='lat' dir='ltr'>senarius,</span> <span class='ocrx_word' id='word_1_613' title='bbox 1631 5512 1691 5568; x_wconf 90' lang='lat' dir='ltr'>in</span> <span class='ocrx_word' id='word_1_614' title='bbox 1728 5528 1889 5586; x_wconf 91' lang='lat' dir='ltr'>quem</span> <span class='ocrx_word' id='word_1_615' title='bbox 1922 5511 2093 5570; x_wconf 91' lang='lat' dir='ltr'>libros</span> 
     </span>
    </p>
   </div>
   <div class='ocr_carea' id='block_1_101' title="bbox 490 5587 2090 5665">
    <p class='ocr_par' dir='ltr' id='par_1_101' title="bbox 490 5587 2090 5665">
     <span class='ocr_line' id='line_1_101' title="bbox 490 5587 2090 5665; baseline 0.009 -31"><span class='ocrx_word' id='word_1_616' title='bbox 490 5593 619 5665; x_wconf 69' lang='lat' dir='ltr'>suos</span> <span class='ocrx_word' id='word_1_617' title='bbox 648 5593 842 5664; x_wconf 78' lang='lat' dir='ltr'>auctor</span> <span class='ocrx_word' id='word_1_618' title='bbox 872 5587 1106 5665; x_wconf 75' lang='lat' dir='ltr'>dividit:</span> <span class='ocrx_word' id='word_1_619' title='bbox 1138 5589 1287 5647; x_wconf 90' lang='lat' dir='ltr'>hunc</span> <span class='ocrx_word' id='word_1_620' title='bbox 1308 5606 1440 5647; x_wconf 86' lang='lat' dir='ltr'>vero</span> <span class='ocrx_word' id='word_1_621' title='bbox 1468 5592 1880 5665; x_wconf 52' lang='lat' dir='ltr'>pulcherrimum</span> <span class='ocrx_word' id='word_1_622' title='bbox 1911 5593 2090 5665; x_wconf 80' lang='lat' dir='ltr'>appel-</span> 
     </span>
    </p>
   </div>
   <div class='ocr_carea' id='block_1_102' title="bbox 490 5648 2087 5737">
    <p class='ocr_par' dir='ltr' id='par_1_102' title="bbox 490 5648 2087 5737">
     <span class='ocr_line' id='line_1_102' title="bbox 490 5648 2087 5737; baseline 0.012 -33"><span class='ocrx_word' id='word_1_623' title='bbox 490 5648 588 5721; x_wconf 85' lang='lat' dir='ltr'>lat,</span> <span class='ocrx_word' id='word_1_624' title='bbox 613 5653 743 5724; x_wconf 90' lang='lat' dir='ltr'>quia</span> <span class='ocrx_word' id='word_1_625' title='bbox 768 5656 1201 5727; x_wconf 86' lang='lat' dir='ltr'>perfectissimus</span> <span class='ocrx_word' id='word_1_626' title='bbox 1220 5648 1493 5731; x_wconf 61' lang='lat' dir='ltr'>censetur,</span> <span class='ocrx_word' id='word_1_627' title='bbox 1516 5670 1579 5720; x_wconf 91' lang='lat' dir='ltr'>ut</span> <span class='ocrx_word' id='word_1_628' title='bbox 1593 5679 1725 5719; x_wconf 85' lang='lat' dir='ltr'>mox</span> <span class='ocrx_word' id='word_1_629' title='bbox 1745 5648 2087 5737; x_wconf 70' lang='lat' dir='ltr'>probabitur.</span> 
     </span>
    </p>
   </div>
   <div class='ocr_carea' id='block_1_103' title="bbox 2745 5174 3301 5251">
    <p class='ocr_par' dir='ltr' id='par_1_103' title="bbox 2745 5174 3301 5251">
     <span class='ocr_line' id='line_1_103' title="bbox 2745 5174 3301 5251; baseline 0.004 -18"><span class='ocrx_word' id='word_1_630' title='bbox 2745 5174 2985 5251; x_wconf 86' lang='lat' dir='ltr'>Impiger</span> <span class='ocrx_word' id='word_1_631' title='bbox 3012 5177 3301 5235; x_wconf 87' lang='lat' dir='ltr'>ediderim.</span> 
     </span>
    </p>
   </div>
   <div class='ocr_carea' id='block_1_104' title="bbox 2204 5263 3627 5339">
    <p class='ocr_par' dir='ltr' id='par_1_104' title="bbox 2204 5263 3627 5339">
     <span class='ocr_line' id='line_1_104' title="bbox 2204 5263 3627 5339; baseline 0.003 -18"><span class='ocrx_word' id='word_1_632' title='bbox 2204 5263 2526 5339; x_wconf 82' lang='lat' dir='ltr'>Exemplar,</span> <span class='ocrx_word' id='word_1_633' title='bbox 2558 5267 2802 5326; x_wconf 88' lang='lat' dir='ltr'>solidum</span> <span class='ocrx_word' id='word_1_634' title='bbox 2836 5267 3085 5325; x_wconf 87' lang='lat' dir='ltr'>facturus</span> <span class='ocrx_word' id='word_1_635' title='bbox 3116 5267 3383 5328; x_wconf 90' lang='lat' dir='ltr'>Conditor</span> <span class='ocrx_word' id='word_1_636' title='bbox 3410 5265 3627 5335; x_wconf 86' lang='lat' dir='ltr'>orbem,</span> 
     </span>
    </p>
   </div>
   <div class='ocr_carea' id='block_1_105' title="bbox 2706 5360 3301 5435">
    <p class='ocr_par' dir='ltr' id='par_1_105' title="bbox 2706 5360 3301 5435">
     <span class='ocr_line' id='line_1_105' title="bbox 2706 5360 3301 5435; baseline 0.003 -18"><span class='ocrx_word' id='word_1_637' title='bbox 2706 5360 2822 5418; x_wconf 90' lang='lat' dir='ltr'>Hoc</span> <span class='ocrx_word' id='word_1_638' title='bbox 2851 5361 2957 5418; x_wconf 91' lang='lat' dir='ltr'>sibi</span> <span class='ocrx_word' id='word_1_639' title='bbox 2984 5363 3301 5435; x_wconf 88' lang='lat' dir='ltr'>proposuit:</span> 
     </span>
    </p>
   </div>
   <div class='ocr_carea' id='block_1_106' title="bbox 2201 5519 3819 5601">
    <p class='ocr_par' dir='ltr' id='par_1_106' title="bbox 2201 5519 3819 5601">
     <span class='ocr_line' id='line_1_106' title="bbox 2201 5519 3819 5601; baseline 0.004 -24"><span class='ocrx_word' id='word_1_640' title='bbox 2201 5519 2306 5578; x_wconf 90' lang='lat' dir='ltr'>Sed</span> <span class='ocrx_word' id='word_1_641' title='bbox 2348 5537 2449 5580; x_wconf 87' lang='lat' dir='ltr'>cur</span> <span class='ocrx_word' id='word_1_642' title='bbox 2493 5529 2605 5594; x_wconf 70' lang='grc' dir='ltr'>ἅεάς</span> <span class='ocrx_word' id='word_1_643' title='bbox 2651 5522 2744 5583; x_wconf 92' lang='lat' dir='ltr'>hic</span> <span class='ocrx_word' id='word_1_644' title='bbox 2773 5527 3080 5585; x_wconf 89' lang='lat' dir='ltr'>masculine</span> <span class='ocrx_word' id='word_1_645' title='bbox 3118 5526 3423 5601; x_wconf 87' lang='lat' dir='ltr'>accipitur:</span> <span class='ocrx_word' id='word_1_646' title='bbox 3453 5526 3819 5601; x_wconf 80' lang='lat' dir='ltr'>Respondeo,</span> 
     </span>
    </p>
   </div>
   <div class='ocr_carea' id='block_1_107' title="bbox 2201 5604 3423 5683">
    <p class='ocr_par' dir='ltr' id='par_1_107' title="bbox 2201 5604 3423 5683">
     <span class='ocr_line' id='line_1_107' title="bbox 2201 5604 3423 5683; baseline 0.007 -24"><span class='ocrx_word' id='word_1_647' title='bbox 2201 5604 2331 5683; x_wconf 64' lang='lat' dir='ltr'>quia</span> <span class='ocrx_word' id='word_1_648' title='bbox 2357 5621 2648 5683; x_wconf 85' lang='lat' dir='ltr'>numerum</span> <span class='ocrx_word' id='word_1_649' title='bbox 2682 5608 3003 5683; x_wconf 79' lang='lat' dir='ltr'>signiﬁcat;</span> <span class='ocrx_word' id='word_1_650' title='bbox 3033 5610 3197 5683; x_wconf 84' lang='lat' dir='ltr'>juxta</span> <span class='ocrx_word' id='word_1_651' title='bbox 3244 5609 3423 5667; x_wconf 87' lang='lat' dir='ltr'>illud:</span> 
     </span>
    </p>
   </div>
   <div class='ocr_carea' id='block_1_108' title="bbox 2263 5674 3469 5746">
    <p class='ocr_par' dir='ltr' id='par_1_108' title="bbox 2263 5674 3469 5746">
     <span class='ocr_line' id='line_1_108' title="bbox 2263 5674 3469 5746; baseline 0.006 -20"><span class='ocrx_word' id='word_1_652' title='bbox 2263 5674 2497 5742; x_wconf 81' lang='lat' dir='ltr'>Respicit</span> <span class='ocrx_word' id='word_1_653' title='bbox 2528 5674 2785 5729; x_wconf 72' lang='lat' dir='ltr'>interdum</span> <span class='ocrx_word' id='word_1_654' title='bbox 2816 5674 2999 5731; x_wconf 82' lang='lat' dir='ltr'>nomen</span> <span class='ocrx_word' id='word_1_655' title='bbox 3026 5674 3270 5746; x_wconf 60' lang='lat' dir='ltr'>{generale</span> <span class='ocrx_word' id='word_1_656' title='bbox 3302 5688 3469 5745; x_wconf 71' lang='lat' dir='ltr'>poeta.</span> 
     </span>
    </p>
   </div>
  </div>
