4074 6186
239 287 370 352 1193

1293 286 1388 351 DE
1428 290 1595 353 VITA
1633 289 1689 353 s.
1728 281 2049 353 GERMANI
2085 324 2157 335 —
2197 291 2332 352 LIB.
2370 282 2467 352 v1.

3401 281 3540 355 1191i

237 453 480 524 Namque
505 465 643 521 opus
662 464 825 505 omne
845 466 1007 506 suum
1032 466 1263 507 numero
1277 451 1541 508 discrevit
1553 452 1834 519 eodem;ut
1855 453 1907 513 Α
1940 450 2076 509 Cum
2108 459 2264 507 sexta
2292 459 2441 508 totus
2470 451 2611 524 parit
2634 452 2866 512 ἕπταδθιι
2897 452 3195 511 oﬂiciosam
3221 457 3237 502 l
3252 476 3266 524 ;

722 538 925 610 Pagina
954 556 1105 596 sacra
1131 541 1297 595 refert
1329 558 1341 596 :

238 628 507 697 Quumvis
536 637 591 685 et
619 629 787 685 simul
808 636 864 683 et
893 631 1062 685 semel
1091 630 1276 686 omnia
1306 631 1548 701 condita,
1581 648 1744 689 verax

765 717 1068 790 Theologia
1105 726 1262 775 canat
1288 739 1301 787 ;

236 806 543 864 Perfectum
574 804 667 861 sed
699 822 835 878 opus
871 807 1087 861 numeri
1116 808 1377 879 perfectio
1398 808 1596 881 signat,

758 894 1011 951 Partibus
1038 903 1164 968 apta
1192 896 1326 953 suis.

238 981 491 1040 Cardinis
519 981 670 1038 hunc
692 981 859 1054 primi
887 983 933 1037 si
953 999 1048 1054 per
1077 983 1418 1042 theoremata
1446 984 1614 1042 ducas
1642 996 1687 1053 ³,

760 1070 984 1126 Eminet
1014 1073 1260 1143 egregius
1285 1092 1296 1129 :

238 1162 479 1234 Namque
508 1175 607 1215 sua
639 1158 789 1214 solus
810 1176 924 1215 sese
955 1160 1173 1230 regione
1203 1170 1441 1230 coercet,

665 1246 880 1303 Gnarus
910 1247 1109 1303 habere
1139 1250 1360 1305 modum
1389 1269 1399 1305 :

240 1340 344 1395 Nec
367 1353 640 1394 summam
658 1337 1120 1405 minuit,necvult
1136 1339 1520 1396 transcendere
1534 1356 1830 1410 summam,

707 1426 963 1483 Partibus
982 1428 1279 1499 eXplicitus
1312 1426 1363 1484 "z
1674 1424 1679 1429 ’

244 1518 422 1574 linum
452 1525 607 1573 sexta
628 1516 852 1590 quidem
875 1524 990 1584 est;
1023 1516 1133 1572 duo
1164 1517 1352 1586 tertia;
1377 1516 1672 1574 dimidium
1699 1527 1827 1586 tres;

742 1606 855 1661 Sex
900 1620 963 1660 ea
1000 1605 1322 1663 restituunt.

240 1695 360 1753 144.
396 1696 588 1765 Visne,
614 1695 766 1752 aliud
797 1696 1051 1764 referam,
1086 1712 1238 1766 mage
1277 1696 1423 1768 quod
1467 1695 1757 1764 mirabere,

690 1784 809 1841 Huc
840 1784 986 1852 ades,
1020 1783 1185 1857 idque
1208 1786 1367 1843 refer.

236 1872 490 1930 Partibus
517 1871 575 1928 in
598 1888 814 1928 versum
847 1871 1048 1940 ductis,
1084 1872 1388 1946 iisdemque
1410 1877 1683 1946 remixtis,

700 1961 930 2017 Instruit
957 1960 1048 2017 hic
1078 1964 1226 2022 δεκαδ
1254 1978 1320 2017 en
1353 1972 1392 2031 ο,

248 2040 384 2096 Pars
413 2047 493 2097 est
523 2048 677 2097 sexta
703 2049 857 2121 μονὰς
890 2040 929 2110 ⁴,
963 2042 1177 2121 numeri
1209 2044 1515 2113 progressio
1542 2042 1755 2116 prima:

778 2120 1042 2174 Primitus
1062 2120 1159 2174 illa
1187 2121 1335 2174 subit
1360 2141 1374 2188 ;

230 2209 425 2265 Tertia
452 2223 690 2278 namque
717 2210 836 2275 ὂνάς
867 2215 903 2273 ⁸,
938 2206 1119 2261 sedem
1145 2215 1294 2264 tenet
1322 2218 1485 2281 atque
1513 2213 1830 2270 secundam:

694 2287 839 2341 Fons
870 2285 1119 2357 paritatis
1149 2302 1212 2341 ea
1262 2295 1376 2344 est:

229 2379 661 2451 Dimidiumque
687 2386 837 2456 τριάς
865 2371 895 2445 ί,
921 2376 1063 2434 hanc
1084 2377 1279 2433 tertius
1308 2379 1517 2451 excipit
1545 2381 1680 2437 ordo
1713 2400 1727 2450 ;

724 2459 867 2513 Hinc
897 2457 1021 2512 ﬂuit
1040 2457 1327 2529 imperitas
1351 2478 1364 2516 :

230 2551 382 2609 Cum
402 2554 557 2605 sexta
586 2546 848 2613 medium,
880 2549 1039 2624 μοναό
1067 2563 1135 2602 en
1164 2558 1315 2625 τριὰς
1362 2551 1601 2623 applicat
1626 2569 1640 2618 ;
1676 2559 1839 2625 atque

682 2631 780 2685 His
810 2626 933 2683 ﬂuit
954 2627 1100 2683 alma
1125 2638 1306 2705 τετρὰς
1336 2638 1380 2685 '2

234 2708 426 2766 Tertia
454 2724 579 2765 cum
610 2709 792 2765 medio
815 2713 940 2777 8oz;
970 2725 1038 2764 en
1065 2736 1211 2784 τριας
1240 2726 1417 2783 enque
1436 2720 1651 2785 coaptat
1676 2732 1690 2781 ;

691 2799 876 2856 ῐιεντάς
904 2789 924 2817 ¹¹
944 2788 1012 2843 ab
1041 2789 1129 2844 his
1158 2792 1356 2847 oritur.

237 2872 435 2927 Partes
463 2868 795 2926 omnimodae
826 2872 1035 2942 digesta
1058 2879 1202 2928 sorte
1224 2872 1440 2942 refusae,

702 2953 836 3032 ’Ἐξα
868 2962 1089 3033 quidem
1121 2971 1375 3034 reparant
1402 2961 1432 3019 ί.
1844 3027 1848 3031 ,

320 3077 339 3097 ⁸
383 3067 560 3124 Cardo
583 3068 794 3139 primus
815 3085 1152 3124 numerorum
1182 3076 1255 3124 est
1282 3070 1347 3125 ab
1377 3086 1483 3123 uno
1527 3071 1597 3125 ad
1653 3070 1839 3125 decem.

236 3143 374 3223 Not.
410 3156 538 3195 mss.
560 3141 771 3226 Sensus
798 3157 925 3226 ergo
945 3149 1062 3223 est:
1092 3141 1147 3196 Si
1174 3158 1465 3226 numerum
1495 3140 1642 3221 hunc
1682 3158 1834 3222 sena-
1864 3167 1908 3226 ί)

237 3213 393 3269 rium
423 3211 732 3267 consideres
761 3211 987 3281 attente,
1023 3212 1271 3269 invenies
1298 3214 1459 3268 illum
1490 3212 1730 3267 eminere
1753 3212 1833 3266 in-

237 3295 327 3343 ter
358 3283 543 3339 decem
571 3283 797 3354 primos.

316 3355 341 3383 "
376 3356 608 3425 Uterque
641 3354 735 3411 hic
762 3371 954 3411 versus
982 3356 1170 3412 eodem
1202 3355 1420 3421 recidit,
1455 3360 1509 3407 et
1543 3354 1841 3425 signiﬁcat,

241 3428 394 3484 hanc
442 3424 829 3498 perfectionem
881 3428 1096 3498 senario
1126 3442 1358 3498 numero
1397 3424 1673 3498 propriam
1705 3441 1842 3490 esse,

241 3499 406 3572 quod
433 3495 628 3552 omnes
649 3496 765 3572 ejus
787 3504 966 3566 partes
990 3497 1246 3564 aliquotze
1277 3495 1441 3572 simul
1473 3501 1702 3563 sumptae
1735 3511 1845 3572 n_on

239 3564 589 3626 iiuminuant
618 3564 737 3633 ejus
767 3564 1036 3633 summam
1071 3579 1171 3617 nec
1217 3571 1485 3631 augeant:
1543 3572 1650 3618 tres
1695 3564 1844 3620 enim

240 3650 469 3711 tantum
501 3632 863 3711 habetpartes
892 3632 1184 3711 aliquotas,
1220 3650 1419 3711 nempe
1453 3642 1686 3711 sentam,
1724 3652 1844 3711 quas

236 3720 333 3770 est
357 3703 944 3777 unitas;Atertiam,quaa
966 3711 1094 3757 sunt
1116 3703 1226 3758 duo
1249 3720 1262 3768 ;
1291 3711 1344 3757 et
1362 3703 1842 3777 dimidiuin,quod

237 3790 333 3839 est
366 3778 471 3855 tria
504 3795 514 3831 :
560 3774 660 3854 has
688 3772 1092 3855 si_conjungas,
1127 3791 1321 3845 nempe
1354 3775 1404 3842 1,
1497 3784 1550 3831 et
1574 3775 1607 3831 3
1638 3772 1847 3833 faciunt

237 3867 374 3910 sex.
409 3848 529 3903 Non
563 3845 643 3901 sic
667 3844 760 3898 alii
791 3844 1005 3899 numeri
1033 3864 1043 3900 :
1068 3863 1195 3900 nam
1227 3844 1464 3916 ekempli
1492 3863 1675 3915 causa,
1699 3856 1844 3904 octo-

238 3921 447 3981 narius
463 3916 748 3989 hasihabet
778 3924 955 3989 partes
976 3917 1265 3989 aliquotas,
1298 3924 1546 3989 octavam
1572 3918 1653 3989 (id
1679 3920 1843 3989 esti),

282 3996 505 4049 uartam
530 3988 637 4058 (2),
672 3986 967 4041 dimidium
1002 3986 1104 4057 (4).
1140 3989 1247 4041 Has
1275 3986 1555 4113 siiungas,
1582 3986 1691 4044 non
1721 3986 1847 4045 con-

291 4064 449 4113 cient
479 4070 624 4113 octo.
659 4058 753 4113 sed
783 4065 989 4113 sentem
1014 4066 1327 4113 tantummo
1368 4075 1419 4113 ο.

291 4064 449 4122 cient
479 4070 624 4126 octo,
659 4058 753 4113 sed
783 4065 989 4129 septem
1014 4058 1419 4114 tantummodo.

328 4145 353 4171 °
382 4146 535 4199 Am;
562 4146 631 4185 en
663 4146 761 4201 pro
792 4132 996 4199 δεκάδα,
1031 4129 1089 4185 id
1118 4137 1199 4185 est
1231 4146 1506 4184 numerum
1546 4130 1846 4186 denarium.

323 4213 347 4241 "
369 4212 538 4279 Μονὰς
565 4218 645 4265 est
672 4210 871 4277 unitas,
904 4209 1236 4283 principium
1269 4209 1524 4265 numeri:
1593 4218 1646 4267 et
1693 4219 1852 4268 sexta

246 4309 387 4369 pars
414 4290 630 4369 numeri
654 4289 875 4369 senarii.

344 4374 367 4399 ο
386 4372 538 4433 Αυάς,
572 4360 631 4416 id
676 4368 758 4416 est
800 4377 1050 4417 numerus
1074 4362 1338 4433 binarius,
1361 4363 1454 4435 qui
1483 4373 1564 4421 est
1584 4380 1707 4436 pars
1731 4372 1852 4420 ter-

246 4447 335 4501 tia
363 4441 587 4499 senarii.

328 4515 343 4545 '
373 4523 556 4590 Τρῑάς,
579 4529 830 4568 numerus
868 4512 1156 4581 ternarias,
1190 4513 1393 4569 senarii
1421 4514 1742 4570 dimidium.

325 4604 345 4632 ι
381 4593 444 4649 Id
477 4601 581 4657 est,
611 4609 738 4665 pars
757 4600 910 4647 sexta
937 4591 1137 4648 senarii
1162 4591 1306 4665 (quae
1326 4602 1407 4665 est
1424 4593 1630 4665 unitas)
1657 4592 1851 4663 juncta

246 4663 631 4736 medio(quod
661 4672 742 4720 est
784 4679 1046 4736 numerus
1074 4663 1367 4736 ternarias)
1393 4664 1568 4736 gignit
1594 4671 1849 4735 quatuor,

246 4754 355 4793 seu
386 4734 678 4790 numerum
711 4735 1143 4807 quaternarium,
1169 4735 1264 4807 qui
1287 4734 1473 4791 Graece
1494 4734 1703 4790 dicitur
1737 4764 1851 4796 τετ-

240 4825 377 4896 ράς,
409 4830 529 4886 quae
556 4815 703 4868 alma
733 4814 918 4896 vocari
971 4814 1210 4882 videtur,
1263 4814 1411 4886 quod
1455 4821 1699 4886 quatuor
1732 4816 1854 4872 ele-

245 4894 448 4975 menta
473 4896 775 4975 contineat,
806 4894 1010 4966 quibus
1037 4912 1265 4968 corpora
1310 4902 1569 4952 constant
1603 4903 1659 4951 et
1699 4897 1854 4952 alun-

242 4974 353 5022 tur
375 4974 582 5023 omnia.

338 5040 371 5083 ³³
401 5047 616 5113 ιιιτνάς,
649 5037 706 5092 id
740 5045 822 5093 est
871 5054 1122 5092 numerus
1151 5037 1433 5107 quinarius
1463 5038 1643 5093 oritur
1674 5054 1744 5092 ex
1774 5054 1851 5093 se-

242 5118 404 5175 narii
437 5126 585 5189 parte
616 5117 778 5173 tertia
810 5117 954 5189 (quae
981 5126 1063 5171 est
1087 5116 1257 5186 δυιὰς)
1305 5123 1359 5169 et
1406 5118 1608 5172 senarii
1668 5116 1854 5182 medio

247 5200 440 5275 (quod
465 5212 554 5284 est
575 5213 785 5284 79.5.4);
873 5200 1023 5284 enim
1058 5204 1111 5284 et
1140 5198 1173 5253 3
1207 5198 1421 5255 faciunt
1458 5198 1511 5254 5.

324 5292 338 5312 ⁸
373 5283 510 5338 Nam
536 5282 583 5349 1,
604 5279 653 5340 ’2
681 5291 735 5339 et
757 5282 790 5337 3
819 5282 1029 5337 faciunt
1058 5279 1110 5334 6.

323 5354 486 5408 lHoc
513 5348 604 5423 est,
645 5357 694 5422 I,
749 5360 797 5407 et
848 5353 881 5408 6
937 5352 1144 5422 faciunt
1190 5348 1852 5423 numerumseptenarium

242 5426 367 5481 sive
421 5420 618 5487 mssa.
659 5420 959 5499 ofﬁciosam,
1020 5423 1076 5477 id
1134 5426 1209 5475 est
1266 5421 1320 5474 in
1372 5420 1553 5475 multis
1607 5423 1850 5492 emacem.

240 5507 389 5563 Not.
423 5505 550 5559 Mss.

254 5616 265 5624 .
325 5575 347 5603 ¹¹
384 5576 522 5641 Quia
558 5576 702 5630 intra
735 5575 1011 5631 denarium
1056 5573 1172 5629 sola
1200 5578 1359 5640 ἕπτάς
1412 5587 1500 5624 nec
1543 5569 1731 5641 gignit,
1765 5587 1853 5625 nec

239 5654 518 5727 gignitur.
550 5656 677 5711 Not.
711 5672 841 5711 mss.

561 5752 802 5809 PATBOL.
848 5750 1101 5809 CXXIV.

1591 1786 1789 1861 [lector
1804 1786 1832 1843 ‘i
1863 1808 1909 1868 Β

2327 531 2479 588 Hanc
2499 531 2742 588 sterilem
2763 531 3051 603 perhibent
3069 533 3096 573 ιι
3118 551 3130 590 :

1939 621 2122 678 Tertia
2149 636 2274 676 cum
2305 627 2424 676 toto
2449 630 2594 677 creat
2621 624 2851 684 ὁκταδθη
2886 621 2899 660 ¹
2924 641 2938 691 ;
2971 622 3103 680 hinc
3131 622 3255 681 ﬂuit
3280 631 3421 695 ἐλπὶς

2441 702 2644 760 Vivere
2674 715 2796 777 post
2826 704 3038 761 cineres
3071 713 3110 740 ω
3142 724 3156 773 ;

1938 793 2108 849 Totus
2133 808 2258 849 cum
2290 790 2491 859 medio,
2526 796 2882 850 numeraliter
2911 798 3067 855 i'm’a
3096 794 3309 868 gignit;

2438 871 2488 925 Is
2515 870 2756 943 triplicat
2783 873 3033 942 τριαδθηε

1943 947 2041 1005 His
2070 959 2355 1021 superacta
2379 959 2555 1030 μονάς,
2592 960 2801 1013 πάντων
2834 961 2973 1021 τέλος
3003 968 3362 1011 numerorum
3448 945 3465 956 ’

2439 1030 2663 1086 Proﬁcit
2691 1032 2750 1086 in
2778 1033 3041 1090 decaden.

1942 1117 2033 1174 Sic
2060 1118 2240 1191 operis
2263 1118 2521 1174 meritum
2552 1136 2759 1177 merces
2791 1139 3049 1179 mansura
3078 1130 3359 1196 sequetur,

2402 1207 2574 1274 Quam
2606 1212 2753 1279 δεκὰς
2793 1212 2998 1283 eﬁigiat
3028 1223 3073 1268 η.

1941 1276 2071 1341 Tam
2105 1295 2287 1345 manet
2317 1287 2422 1346 hoc
2451 1297 2663 1357 verum,
2697 1276 2861 1364 quam
2886 1276 2997 1363 'qui
3035 1306 3199 1363 super
3232 1290 3420 1347 omnia
3455 1289 3541 1347 sol

2473 1374 2585 1433 Nec
2608 1376 2750 1433 ratio
2779 1376 3000 1435 titubat.
3393 1377 3500 1453 [est
3524 1398 3540 1448 ;

1940 1463 2099 1520 Anne
2128 1464 2230 1520 tibi
2262 1463 2456 1522 videor
2480 1468 2693 1523 senaria
2726 1468 2997 1540 symbola,
3032 1469 3223 1540 lector,

2465 1556 2736 1614 Elicuisse
2766 1575 2959 1631 parum
2977 1561 3006 1616 ?

1941 1643 1996 1699 Si
2027 1650 2203 1716 potes,
2234 1643 2333 1700 ede
2357 1644 2531 1701 alium
2560 1648 2731 1704 simili
2762 1651 2977 1708 ratione
3005 1652 3281 1710 cluentem
3310 1670 3325 1722 ;

2460 1733 2629 1791 Cedat
2656 1745 2711 1793 et
2739 1736 2843 1794 iste
2871 1738 3013 1797 loco.

1945 1816 2102 1885 Quod
2127 1819 2173 1876 si
2205 1837 2316 1878 non
2346 1823 2490 1894 potis
2517 1831 2631 1893 est;
2661 1828 2932 1898 perfectos
2959 1829 3108 1889 disce
3138 1830 3454 1904 triumphos

2454 1915 2712 1974 Praesulis
2744 1935 2860 1976 esse
2888 1922 3017 1979 mei.

1941 1988 2089 2057 Quos
2123 1990 2345 2049 cohibet
2378 2010 2662 2082 numerus,
2703 2015 2889 2082 quem_
2905 2008 2968 2082 tu
2998 2001 3115 2073 jam
3152 2003 3258 2059 rite
3297 2007 3539 2082 συνεργόν

2465 2075 2688 2131 Dixeris
2715 2092 2832 2134 esse
2860 2079 2959 2134 Dei
2976 2091 3021 2136 °.

2018 2158 2140 2215 145.
2182 2162 2353 2218 Oratu
2384 2164 2602 2233 melius,
2634 2175 2881 2238 superest
2909 2168 3278 2244 quodcunque
3316 2169 3541 2242 laboris,

2469 2252 2745 2325 Expedies
2774 2258 3013 2315 modico.

1946 2342 1992 2396 Ο
2020 2341 2260 2397 clemens
2308 2342 2568 2413 Trinitas,
2606 2354 2804 2404 nostra;
2843 2365 3060 2423 quoque
3096 2353 3221 2409 fons
3260 2353 3542 2411 trinitatis.

2352 2430 2490 2487 Nam
2520 2433 2698 2513 tribus
2726 2453 2889 2492 omne
2916 2438 3138 2497 subest:

1949 2525 2168 2595 Οὐσίαν,
2213 2522 2432 2602 δύναμιν
2460 2520 2673 2593 dicunt,
2705 2531 2930 2605 ἅνέργιαν
2958 2536 3152 2602 atque;

2374 2608 2509 2676 Quis
2538 2606 2676 2674 sine,
2708 2608 2863 2662 nulla
2892 2616 3042 2688 9.3m;
3062 2618 3108 2665 ν.

1950 2708 2049 2762 Est
2077 2706 2240 2763 etiam
2268 2708 2490 2765 trinitas
2514 2710 2711 2765 animai
2736 2708 3082 2764 contermina
3109 2704 3333 2781 noslraa,

2456 2800 2575 2868 Qua
2598 2799 2662 2854 ﬁt
2689 2798 2871 2869 imago
2898 2796 2997 2853 Dei
3021 2814 3034 2851 :

1950 2888 2085 2947 Νοῦς
2112 2877 2250 2948 haec,
2282 2886 2445 2953 atque
2470 2888 2635 2958 λόγος,
2671 2878 2835 2933 etiam
2861 2881 3063 2958 disiecta
3092 2885 3117 2921 τι
3148 2883 3401 2947 vocatur,

2382 2956 2542 3017 Hanc
2563 2974 2779 3031 quoque
2806 2964 2869 3013 tu
2892 2956 3109 3016 tribuis.

2024 3073 2040 3112 ¹
2066 3071 2203 3128 Nam
2234 3069 2266 3125 2
2302 3076 2355 3125 et
2384 3067 2417 3124 6
2446 3068 2656 3124 faciunt
2681 3067 2736 3135 8,
2766 3068 2883 3123 sive
2908 3071 3122 3129 ὁκτάδα.

2010 3162 2052 3189 ω
2100 3154 2266 3219 Ἐλπὶς
2293 3150 2463 3203 vivere
2487 3153 2607 3218 post
2639 3146 2854 3212 cineres,
2885 3146 2941 3202 id
2970 3153 3051 3201 est
3077 3163 3192 3217 spes
3215 3148 3552 3202 resurrectio-

1951 3233 2055 3288 nis.
2088 3229 2402 3287 Octonarius
2431 3227 2577 3281 enim
2603 3227 2657 3280 in
2680 3225 2874 3280 divinis
2894 3226 3108 3280 Litteris
3136 3226 3344 3282 Novum
3380 3228 3554 3282 Testa-

1952 3309 2200 3367 mentum,
2255 3315 2536 3370 corporum
2569 3296 3023 3370 ‘resurrectionem
3055 3341 3104 3370 ,ᾖ
3122 3313 3185 3352 ac
3229 3296 3554 3370 maiestatem

1953 3373 2101 3445 regni
2130 3372 2229 3427 Dei
2258 3367 2540 3445 signiﬁcat,
2567 3367 2830 3445 inquit_et
2860 3367 3053 3445 probat
3072 3368 3292 3445 Bongus
3317 3367 3383 3422 ad
3407 3368 3555 3424 hunc

1956 3437 2250 3521 numerum
2295 3437 2358 3521 in
2396 3437 2770 3521 opere,_quod
2813 3437 3338 3521 inscribit‘Mgsticte
3378 3457 3553 3521 mune-

1954 3532 2141 3572 rorum
2169 3508 2568 3582 signiﬁcationis
2595 3508 2809 3565 librum.
2842 3509 2947 3582 U_bi
2978 3508 3047 3564 de
3075 3508 3180 3582 hoc
3211 3525 3404 3580 genere
3437 3510 3554 3581 plu-

1956 3588 2097 3641 rima
2124 3579 2338 3639 erudite
2370 3589 2626 3653 congesta
2654 3582 2826 3636 lector
2841 3579 3126 3653 ejusmodi
3158 3579 3340 3636 rerum
3362 3579 3555 3637 curio-

1955 3674 2049 3714 sus
2079 3655 2344 3722 inveniet,
2377 3652 2611 3724 singulis
2639 3652 2883 3707 numeris
2910 3653 3149 3725 propria.

2029 3754 2053 3780 η
2087 3744 2155 3800 Ut
2200 3740 2445 3799 ostendit
2490 3742 2637 3798 idem
2680 3742 2899 3813 Bongus
2936 3740 2994 3795 in
3034 3757 3264 3800 munero
3305 3741 3563 3811 denario,

1960 3816 2106 3872 ultra
2151 3814 2415 3871 medium.

2027 3918 2050 3944 0
2078 3904 2282 3976 Lepida
2324 3904 2741 3977 sanecollectio
2776 3922 2787 3960 :
2831 3905 2943 3977 Ego
2986 3903 3277 3977 triumphos
3317 3906 3371 3961 S.
3416 3906 3559 3961 Ger—

1958 3977 2103 4047 mani
2131 3993 2326 4030 enarra
2356 3976 2508 4031 libris
2534 3992 2627 4030 sea:
2648 3993 2668 4041 ;
2694 3976 2846 4047 atqui
2869 3993 3118 4032 numerus
3146 3976 3390 4033 senarius
3423 3994 3559 4047 per-

1957 4045 2120 4172 {ectus
2158 4052 2267 4125 .est,
2322 4063 2442 4114 ergo
2485 4053 2533 4099 et
2576 4045 2795 4115 perfecti
2839 4048 3095 4120 triumphi
3139 4049 3244 4106 illi.
3288 4047 3393 4105 Sed
3423 4045 3559 4105 haec

1984 4116 2171 4171 udenti
2202 4124 2373 4172 noetae
2398 4115 2777 4171 condonanda.

1984 4116 2171 4171 udenti
2202 4124 2373 4186 poetae
2398 4115 2777 4171 condonanda.

2031 4215 2054 4250 Ρ
2084 4203 2146 4260 Id
2190 4212 2293 4276 est,
2341 4204 2635 4276 essentiam,
2680 4204 2926 4257 virtutem
2970 4212 3125 4275 atque
3178 4210 3556 4276 operationem,

1961 4275 2078 4333 sine
2108 4274 2308 4347 quibus
2337 4274 2495 4354 nulla
2518 4280 2599 4354 est
2627 4280 2774 4354 φύσις
2805 4289 2901 4354 seu
2928 4274 3144 4354 natura.
3169 4274 3234 4330 In
3262 4277 3407 4331 omni
3424 4277 3560 4331 enim

1959 4361 2157 4410 natura
2186 4353 2497 4409 rationabili
2526 4352 2965 4425 intellectualique
2993 4353 3101 4408 tria
3129 4354 3233 4408 haec
3270 4355 3559 4425 insepara—

1964 4426 2143 4480 biliter
2179 4441 2477 4496 semperque
2512 4423 2991 4496 incorruptibiliter
3020 4426 3287 4481 manentia
3314 4423 3558 4480 conside-

1880 4522 1928 4579 D
1960 4503 2172 4579 rantur.
2198 4495 2409 4579 .Horum
2433 4498 2754 4579 exemptum.
2786 4495 2955 4579 Nulla
2990 4503 3209 4577 natura,
3241 4498 3349 4579 sive
3386 4498 3555 4553 ratio-

1959 4568 2100 4623 nalis
2160 4567 2266 4621 sive
2318 4567 2687 4622 intellectualis
2740 4574 2832 4633 est,
2889 4583 3005 4637 qua:
3054 4568 3254 4637 ignoret
3305 4584 3357 4623 se
3412 4584 3555 4634 esse,

1961 4639 2203 4710 quamvis
2233 4638 2429 4693 nesciat
2463 4638 2594 4708 quid
2631 4638 2717 4693 sit.
2762 4640 2907 4694 Dum
2948 4654 3068 4710 ergo
3114 4638 3273 4710 dico:
3321 4640 3558 4710 Intelligo

1962 4708 2041 4765 ine
2070 4727 2207 4775 esse;
2235 4726 2404 4764 nonne
2442 4710 2536 4763 hoc
2571 4725 2675 4764 uno
2704 4711 2881 4775 verbo,
2905 4708 3047 4779 quod
3070 4714 3144 4763 est
3172 4708 3427 4781 intelligo,
3454 4709 3559 4765 tria

1963 4782 2197 4853 signiﬁco
2229 4799 2263 4836 a
2292 4798 2345 4836 se
2368 4781 2751 4853 inseparabilia
2772 4783 2799 4837 ?
2827 4781 2967 4837 Nam
2994 4786 3043 4835 et
3068 4797 3148 4835 me
3175 4788 3373 4853 esse,“
3386 4798 3557 4853 posse,

1962 4852 2021 4908 et
2053 4852 2339 4922 intelligere
2376 4869 2452 4907 me
2491 4868 2596 4907 esse
2630 4852 2927 4907 demonstro
2946 4868 2963 4906 :
2988 4868 3096 4906 non
3124 4852 3263 4907 enim
3294 4852 3562 4923 intellige-

1962 4941 2093 4991 rem,
2132 4924 2180 4977 si
2207 4940 2312 4977 non
2342 4940 2532 4989 essem;
2560 4940 2725 4994 neque
2752 4922 3114 4993 intelligerem,
3154 4924 3201 4978 si
3236 4923 3431 4978 virtute
3468 4922 3563 4994 in-

1966 4994 2261 5064 telligentia:
2278 5011 2510 5049 carerem
2532 5012 2554 5059 ;
2580 4992 2670 5049 nec
2698 4994 2797 5050 illa
2825 4992 2997 5049 virtus
3025 4994 3083 5049 in
3105 5011 3185 5049 me
3213 4994 3349 5061 silet,
3381 4994 3469 5047 sed
3506 4992 3563 5046 in

1963 5065 2316 5190 (ἐπέὶῖῖαῗίξινέεᾶη
2365 5066 2691 5137 intelligendi
2726 5065 3057 5138 prorumpit.
3106 5064 3187 5121 Ita
3237 5072 3382 5121 nota:
3427 5079 3560 5119 mss.

2009 5152 2101 5191 ou.
2135 5152 2307 5206 Lugd.

2034 5233 2059 5268 (ι
2084 5223 2289 5296 Iddest,
2325 5240 2489 5296 mens,
2531 5225 2670 5280 ratio
2703 5232 2759 5280 et
2791 5224 3033 5296 cogitatio
3075 5222 3561 5296 senio/cnsilium“;

1962 5292 2030 5350 de
2070 5294 2273 5365 quibus
2316 5295 2537 5352 additur
2573 5296 2631 5351 in
2663 5296 2811 5351 notis
2850 5292 2980 5351 mss.
3019 5295 3142 5351 eod.
3186 5294 3359 5365 Lugd.
3393 5311 3405 5350 :
3469 5294 3568 5365 His

1964 5364 2131 5421 tribus
2168 5366 2457 5421 essentialis
2511 5367 2724 5422 trinitas
2767 5368 2961 5423 anima:
3013 5367 3085 5421 ad
3136 5364 3415 5436 imaginem
3472 5364 3571 5420 Dei

1962 5437 2251 5510 constituta:
2297 5437 2551 5510 subsistit.
2600 5439 2769 5492 Porro
2806 5444 3074 5510 quantum
3113 5437 3300 5510 Patres
3344 5436 3571 5510 labora—

1964 5508 2166 5580 verint,
2199 5524 2469 5580 quamque
2500 5508 2742 5580 diversas
2768 5506 2886 5580 vias
2917 5506 3165 5573 inierint,
3198 5507 3574 5580 adinvenien-

1963 5579 2085 5635 dam
2120 5577 2607 5652 exponendamque
2631 5579 2789 5652 illam,
2816 5578 3108 5650 imaginem
3139 5587 3192 5633 et
3239 5577 3576 5652 similitudi-

1963 5667 2087 5705 nezn
2138 5651 2255 5718 Dei,
2307 5666 2469 5721 quam
2520 5649 2589 5705 'in
2642 5650 2867 5706 homine
2924 5649 3133 5706 certum
3191 5657 3272 5705 est
3339 5649 3575 5705 existere

3237 5743 3306 5804 38
