4074 6186
514 302 652 361 1195

511 453 657 527 Ergo
684 466 802 524 age,
830 455 885 507 et
909 453 1126 520 optatas
1155 438 1354 512 largire
1381 436 1649 527 attingere
1676 440 1866 501 metas,

956 536 1180 592 Summe
1203 533 1368 595 Deus,
1399 523 1661 581 Trinitas.

512 672 711 729 docent
744 681 1017 726 sacrarum
1048 662 1356 718 litterarum
1388 656 1712 726 interpretes
1741 650 1799 705 in
1825 644 1965 702 illud
1990 645 2106 700 Ge-
2214 644 2474 717 nostrum.
2509 634 2583 716 in.
2606 632 2910 691 Comment.
2944 626 3004 683 in
3056 623 3254 683 Genesi

512 758 700 765 μη---
763 740 1036 765 ιπηεηηηη,
1069 732 1319 765 imam...
1360 728 1429 765 ηΑ
1472 725 1753 765 ειηηηίηρτη,
1781 727 1827 765 pr
1853 717 2104 765 simium-
2215 709 2328 765 fere
2364 708 2433 764 ab
2460 714 2644 763 initio.

511 717 721 810 5&5;
744 717 1036 796 "uideritis
1062 717 1323 810 hominem
1359 728 1431 783 ad
1449 717 1753 810 int-agitatam
1781 727 1827 775 et
1827 717 2104 810 nsimilitu-

511 792 962 871 Ziﬁ'hasimm.
994 806 1124 874 Adi,
1157 804 1204 860 si
1232 802 1426 875 placet,
1449 792 1807 856 Benedictum
1827 792 2105 847 Pererium

514 969 862 985 ———I—

1502 280 1743 341 HERICI
1779 276 2103 337 MONACHI
2142 260 2802 332 ANTISSIODOBENSIS

3663 246 3814 308 H96

2134 430 2186 489 A
2217 427 2297 485 Ne
2332 440 2440 498 qua
2469 430 2647 479 tamen
2677 416 2907 475 subeant
2932 411 3254 470 exhaustam
3299 406 3466 464 taedia
3519 400 3813 473 mentem';

2647 509 2719 563 Te
2764 506 2902 563 duce
2964 498 3363 576 progredimur.

3259 639 3314 679 m
3343 629 3482 679 tom.
3514 621 3559 689 Ι,
3593 617 3694 676 lib.
3728 634 3816 687 iv,
3894 660 3909 671 .

877 928 3807 977 ____________________________.__.___________

1803 1080 2071 1156 LIBER
2140 1074 2511 1151 SEXTUS.

1987 1245 2340 1262 Μ

1029 1364 1257 1428 CAPUT
1304 1357 1597 1420 PRIMUM.

519 1478 576 1536 S.
610 1470 864 1534 Germani
889 1470 1143 1527 adventus
1170 1466 1241 1522 ad
1270 1464 1469 1535 regiam
1500 1454 1823 1536 tuneurbem
1841 1452 2117 1536 flaventia-

592 1522 722 1604 ti'u'm
746 1522 1387 1616 imperd’teriﬁewterisque
1416 1530 1787 1606 gratissimus;
1816 1522 2116 1579 miraculo-

588 1636 710 1675 rum
738 1608 850 1686 eju}
878 1614 1063 1669 ibidem
1087 1608 1404 1681 frequentia.

594 1732 715 1791 146.
748 1730 959 1789 Praevia
979 1729 1123 1785 fama
1143 1741 1309 1782 ruens
1330 1721 1546 1779 Latium
1570 1713 1884 1775 conciverat
1904 1706 2114 1773 orbem,

517 1825 830 1899 Digressum
856 1823 1049 1898 patriis
1080 1820 1414 1876 Germanum
1442 1827 1616 1885 nuper
1639 1808 1707 1864 ab
1732 1805 1862 1872 oris,

518 1898 833 1972 Ravennam
862 1918 1010 1968 certa
1037 1910 1269 1967 celerem
1299 1906 1511 1961 ratione
1535 1898 1718 1956 subire
1743 1914 1753 1950 :

519 2005 872 2076 Compertum
904 2002 961 2056 id
988 1999 1177 2072 populi
1202 1996 1357 2051 vario
1385 2004 1635 2048 sermone
1666 1984 1949 2076 ferebant;

519 2073 780 2159 Urbibus,
812 2098 866 2145 et
896 2089 1057 2156 vicis,
1088 2102 1184 2158 per
1210 2082 1470 2153 compita,
1504 2090 1703 2150 perque
1734 2073 1939 2144 plateas

516 2182 635 2243 Hoc
667 2180 774 2248 vir,
807 2177 914 2234 hoc
950 2175 1171 2238 mulier,
1203 2174 1308 2228 hoc
1337 2177 1472 2225 tunc
1509 2165 1798 2235 infansque
1838 2170 2114 2228 senexque

518 2267 887 2343 Hocjuvenis,
909 2265 1152 2321 medium
1166 2270 1221 2318 et
1235 2260 1280 2317 si
1297 2256 1429 2332 quid
1438 2255 1457 2328 j
1467 2268 1697 2311 uvenem
1705 2267 1809 2324 que
1822 2260 2117 2317 senemque

484 2431 491 2438 .
517 2360 826 2435 Dispescit;
856 2355 1055 2413 validae
1081 2352 1401 2427 quatiebant
1430 2346 1618 2403 omnia
1639 2359 1801 2399 voces
1829 2359 1842 2408 ;

520 2432 721 2510 Omnia
744 2446 1066 2512 fervebant;
1096 2441 1376 2499 instabant
1404 2437 1592 2493 omnia
1619 2432 1764 2488 votis
1787 2448 1798 2486 :

521 2542 852 2599 Germanum
883 2538 1059 2603 dives,
1090 2533 1424 2589 Germanum
1455 2524 1692 2596 denique
1724 2534 1928 2593 pauper

521 2632 855 2696 Venturum,
888 2640 1083 2682 resono
1113 2623 1311 2694 passim
1345 2619 1583 2675 clamore
1609 2611 1937 2667 fremebant.
2012 2632 2019 2635 -

521 2720 729 2775 Tantus
756 2732 910 2773 amor
936 2719 1148 2787 sancto,
1174 2718 1328 2767 tanta
1357 2714 1439 2763 est
1467 2702 1731 2760 instantia
1759 2700 1926 2770 vulgo

522 2808 713 2864 Visere
734 2803 1050 2876 pontiﬁcem
1077 2809 1389 2871 certamque
1419 2796 1621 2851 referre
1652 2791 1904 2847 salutem.

523 2895 596 2950 Et
611 2874 920 2966 quanquam
938 2888 1144 2960 sumpti
1164 2894 1413 2958 respectu
1430 2884 1587 2956 plane
1608 2882 1698 2952 (Β.
1706 2876 1955 2950 jamque)
1976 2874 2121 2966 labo-

525 2963 820 3054 Impatiens
848 2985 1063 3050 urgeret
1094 2976 1197 3030 iter
1222 2993 1234 3043 ;
1268 2973 1364 3029 sed
1392 2971 1666 3042 plurimus
1702 2969 1863 3023 ardor
2028 2963 2123 3038 [ris

524 3073 815 3131 Obstantes
844 3086 982 3142 aegre
1012 3081 1296 3137 nexusque
1322 3077 1610 3134 morasque
1638 3058 1868 3125 ferebat,

525 3163 865 3237 Increpitans
894 3174 1109 3232 segnem
1144 3153 1387 3211 mordaci
1420 3159 1638 3225 pectore
1674 3163 1937 3222 gressum.

524 3253 616 3310 Sic
640 3250 929 3308 desideriis
958 3263 1170 3319 semper
1196 3244 1390 3301 dilatio
1412 3243 1587 3300 fertur

521 3341 888 3400 Accumulare
912 3338 1062 3395 sitim
1090 3354 1102 3393 :
1139 3352 1259 3408 quae
1292 3334 1338 3390 si
1369 3332 1539 3389 dilata
1568 3330 1836 3398 residunt,

523 3433 647 3491 Non
677 3431 949 3490 desideria
976 3427 1068 3504 [Β.
1101 3427 1307 3499 supplet
1335 3424 1476 3500 haec]
1508 3430 1675 3491 certe,
1718 3436 1826 3477 non
1866 3418 1965 3475 illa
1994 3417 2125 3472 fue-

907 3567 911 3570 .
1946 3505 2121 3579 [runt.

526 3610 770 3668 Tandem
799 3606 1113 3680 susciperis,
1145 3604 1355 3661 mundo
1386 3602 1691 3675 gratissime
1722 3600 1939 3674 praesul,

528 3701 857 3772 Exspectate
885 3697 1019 3763 diu;
1054 3709 1366 3768 quanquam
1398 3708 1509 3748 non
1539 3692 1679 3747 forte
1709 3689 1893 3761 cupita
1917 3697 1939 3722 ι
1965 3705 1977 3743 :

525 3791 679 3848 More
706 3786 929 3862 quidem
960 3784 1124 3841 solito
1157 3791 1428 3839 nocturna
1457 3780 1675 3837 silentia
1702 3786 1944 3851 captans.

518 3879 649 3952 .Non
674 3886 858 3935 tamen
888 3873 1149 3931 excubias
1180 3873 1297 3927 illic
1326 3871 1501 3925 vitare
1531 3884 1745 3940 sagaces

527 3973 689 4027 Posse
722 3970 858 4036 fuit;
890 3981 991 4021 nec
1019 3965 1170 4019 fraus
1198 3961 1426 4034 cupidos
1452 3967 1714 4031 concepta
1742 3957 1958 4027 fefellit,

526 4058 674 4127 Quin
704 4064 760 4113 et
788 4055 1182 4126 conspicerent,
1216 4059 1269 4107 et
1297 4058 1589 4123 conspecto
1628 4049 1957 4105 fruerentur.

524 4146 800 4219 Principis
826 4142 1085 4200 Ecclesiae
1117 4142 1420 4213 meritoque
1450 4149 1504 4197 et
1534 4140 1758 4196 nomine
1786 4140 1998 4212 pollens

524 4238 718 4293 Petrus
745 4235 770 4271 δ
798 4221 1158 4306 apostolicum
1201 4230 1349 4287 dicta
1378 4229 1628 4286 servabat
1652 4229 1709 4284 in
1740 4228 1873 4285 urbe

524 4335 686 4390 Forte
716 4346 951 4405 gregem,
982 4328 1071 4384 vir
1099 4329 1357 4401 praecelso
1384 4326 1693 4399 splendoris
1718 4324 1854 4380 aviti

522 4425 821 4481 Stemmate
850 4417 1200 4491 conspicuus,
1241 4418 1415 4474 multa
1443 4423 1498 4473 et
1526 4416 1797 4489 probitate
1838 4430 2116 4472 coruscus.

597 4512 719 4569 147.
751 4511 892 4568 Τιιω
923 4524 1137 4584 quoque
1153 4506 1268 4580 jam
1291 4507 1515 4579 juvenis
1537 4522 1663 4564 cum
1683 4514 1855 4562 matre
1876 4504 2117 4562 Valenti-

1824 4593 2050 4669 [nianus

525 4688 761 4750 Romula
788 4695 999 4761 sceptra
1026 4700 1235 4759 gerens,
1268 4700 1450 4741 rerum
1482 4674 1732 4742 ﬂectebat
1763 4683 2020 4753 habenas,

516 4780 793 4838 Maximus
813 4776 1067 4848 imperio,
1102 4773 1262 4831 factis
1289 4781 1344 4830 et
1371 4774 1598 4830 nomine
1628 4789 1855 4846 magnus
1885 4781 1923 4829 θ.

517 4866 815 4927 Catholicae
847 4864 975 4920 ﬁdei
1002 4862 1243 4936 genitrix
1270 4863 1516 4920 Placidia
1544 4864 1699 4919 cultu

514 4957 790 5030 Insignem
822 4962 1010 5011 tenero
1040 4968 1270 5027 puerum
1300 4953 1566 5008 formarat
1590 4952 1656 5007 ab
1686 4950 1878 5023 ungui,

514 5045 809 5105 Stemmate
833 5041 1171 5115 condignum
1192 5040 1470 5113 quondam
1498 5038 1834 5111 sceptrisque
1850 5037 2110 5111 paternis.

512 5136 759 5209 Cumque
788 5132 1074 5207 potestatis
1104 5130 1439 5205 praecelleret
1468 5128 1663 5184 ordine
1694 5135 1947 5198 cunctos,

512 5226 751 5299 (Quippe
802 5230 956 5297 pater
987 5218 1199 5293 patriae,
1241 5217 1425 5291 magni
1464 5216 1777 5273 moderator
1812 5226 1866 5275 et
1902 5217 2111 5292 orbis;)

507 5313 834 5388 Relligionis
861 5327 1016 5368 amor
1036 5308 1340 5381 complerat
1367 5314 1589 5380 pectora
1614 5315 1821 5378 tantus,

507 5402 581 5460 Ut
608 5403 816 5465 Christi
844 5402 1068 5461 famulis
1097 5399 1316 5457 diversa
1342 5398 1401 5456 in
1433 5406 1584 5473 parte
1612 5400 1825 5469 locatis,

579 5585 601 5647 ξ
630 5575 773 5642 Quia
801 5576 1021 5647 ignotus
1048 5572 1264 5647 ingredi
1290 5572 1579 5632 maluerat.
1608 5576 1733 5635 Not.
1767 5589 1893 5632 mss.

577 5643 602 5681 δ
632 5643 982 5718 Chrysologus
1005 5643 1222 5718 nempe.

2142 4926 2191 4987 D

2221 1346 2359 1404 Cum
2390 1342 2652 1417 genitrice
2672 1342 2762 1416 pia
2792 1340 3014 1414 plenum
3037 1337 3273 1396 deferret
3301 1336 3527 1393 honoris

2233 1437 2523 1509 Oﬂiciique
2553 1434 2799 1491 modum.
2820 1431 2991 1488 Patrii
3020 1430 3097 1488 sic
3123 1436 3338 1502 sceptra
3366 1426 3584 1484 decoris

2224 1527 2468 1585 Ornabat
2487 1524 2681 1581 sobriae
2714 1520 3030 1597 [B.sanctae]
3052 1520 3168 1593 jam
3180 1528 3299 1576 tum
3329 1518 3556 1575 virtutis
3575 1523 3819 1573 amator.

2225 1617 2559 1672 Germanum
2590 1630 2801 1686 magnae
2832 1611 3157 1669 subeuntem
3183 1608 3454 1666 moenibus
3482 1606 3657 1675 urbis,

2224 1708 2343 1776 Qua
2370 1716 2587 1763 tantum
2623 1706 2823 1778 pietate
2851 1704 3067 1760 Patrem
3099 1710 3333 1759 tractare
3353 1698 3600 1766 decebat,

2223 1798 2548 1870 Excipiunt.
2582 1798 2784 1853 Rerum
2812 1809 3077 1853 conversa
3095 1799 3260 1860 sorte,
3292 1790 3530 1857 videres,

2227 1888 2296 1944 Ut
2327 1904 2449 1959 pom
2459 1905 2537 1960 pse
2558 1886 2811 1959 refugum
2829 1884 3015 1942 studio
3035 1890 3276 1941 certante
3307 1878 3587 1954 premebat

2224 1976 2391 2048 Vulgi
2424 1993 2621 2049 pompa
2647 1991 2853 2048 sequax
2878 1992 2890 2030 :
2925 1973 3106 2030 edicto
3136 1970 3402 2045 principis
3432 1984 3623 2025 omnes

2227 2066 2537 2124 Occurrunt
2567 2081 2851 2138 proceres;
2880 2068 3132 2136 properat
3154 2060 3464 2134 promiscua
3489 2058 3709 2132 plebes;

2227 2156 2365 2212 Tum
2396 2172 2548 2212 sacer
2572 2155 2814 2212 ecclesiae
2851 2154 3021 2209 denso
3044 2151 3156 2206 ruit
3175 2149 3391 2221 agmine
3422 2150 3613 2206 clerus
3644 2168 3657 2205 :

2223 2246 2502 2302 Laudibus
2548 2245 2606 2300 hi
2663 2243 2953 2317 plaudunt,
3009 2241 3313 2313 persultant
3369 2240 3655 2312 plausibus
3713 2237 3818 2305 illi,

2224 2337 2296 2392 Et
2323 2351 2615 2392 commune
2644 2334 2809 2390 decus
2834 2329 2997 2404 parili
3023 2329 3223 2402 pietate
3252 2329 3513 2385 salutant.

2304 2424 2426 2482 lli-8.
2468 2425 2747 2480 Plurimus
2793 2430 3050 2495 augustos
3077 2421 3252 2477 animi
3279 2420 3604 2493 perﬂaverat
3632 2418 3821 2486 ardor,

2231 2516 2524 2589 Obsequiis
2544 2518 2826 2575 cumulare
2846 2516 3052 2573 virum.
3085 2514 3415 2572 Cautissima
3441 2530 3628 2571 rerum

2231 2608 2341 2665 Vas
2370 2609 2617 2680 amplum
2648 2607 2836 2679 regina
2855 2614 3073 2663 struens
3106 2604 3380 2679 regalibus
3404 2605 3563 2674 escis,

2231 2700 2353 2756 Non
2386 2706 2573 2755 tamen
2604 2700 2778 2755 ullius
2807 2700 2985 2755 mixta
3014 2696 3346 2771 pinguedine
3370 2697 3573 2765 carnis,

2230 2788 2406 2846 Mittit
2436 2789 2705 2861 pontifici.
2738 2788 2999 2862 Suscepto
3031 2806 3256 2845 munere
3284 2788 3402 2855 tali,

2234 2880 2476 2936 Partitur
2504 2880 2742 2953 propriis
2761 2879 2988 2936 obsonia
3017 2886 3217 2936 cuncta
3246 2876 3515 2933 ministris
3539 2895 3552 2933 :

2234 2974 2498 3031 Vindicat
2517 2981 2825 3046 argentum,
2861 2973 3075 3027 miseris
3099 2973 3375 3028 fracturus
3402 2968 3608 3042 egenis.

2237 3065 2323 3120 Ex
2354 3064 2411 3119 in
2432 3064 2790 3135 conspicuum
2819 3070 3137 3135 compensat
3159 3076 3383 3118 munere
3416 3073 3617 3115 munus
3641 3077 3655 3116 :

2230 3156 2303 3210 Et
2329 3154 2431 3211 vili
2458 3164 2514 3211 et
2544 3156 2762 3212 modico
2787 3155 3077 3226 suppletur
3105 3153 3283 3226 lignea
3309 3168 3468 3226 pane,

2231 3246 2403 3314 Quam
2437 3247 2633 3318 praesul
2670 3264 2860 3318 parcos
2888 3248 3129 3318 patinam
3152 3243 3435 3317 promebat
3462 3242 3522 3298 in
3549 3257 3717 3298 usus:

2231 3336 2473 3394 Mittitur
2493 3336 2772 3409 Augustae.
2805 3338 3023 3393 Donum
3053 3336 3343 3407 complexa
3360 3342 3615 3390 verenter

2233 3424 2494 3497 Suscipit,
2526 3434 2579 3481 et
2603 3434 2862 3500 tanquam
2896 3433 3111 3498 caperet
3147 3424 3410 3492 coelestia,
3435 3420 3663 3487 condit;

2232 3517 2454 3573 Munere
2486 3518 2607 3572 laeta
2630 3515 2779 3585 dato,
2811 3516 2905 3572 sed
2925 3515 3102 3572 laetior
3130 3515 3225 3570 illa
3249 3520 3487 3586 recepto.

2232 3607 2406 3673 Quam
2431 3608 2598 3662 fuerit
2628 3624 2816 3663 carum
2847 3622 3074 3662 manans
3100 3622 3133 3661 a
3151 3608 3384 3678 prmsule
3408 3605 3641 3673 donum,

2231 3698 2362 3754 Mox
2401 3698 2612 3770 liquido
2643 3698 2858 3769 patuit;
2897 3697 3044 3768 quod
3084 3704 3137 3753 et
3164 3712 3296 3751 auro
3326 3694 3581 3751 claudere
3610 3694 3822 3766 lignum

2231 3789 2258 3844 J
2267 3790 2483 3857 usserit,
2525 3797 2578 3843 et
2594 3788 2764 3844 variis
2791 3804 2986 3859 panem
3017 3803 3231 3843 servare
3254 3785 3502 3842 medelis.

2232 3879 2276 3935 Ο
2309 3894 2393 3934 res
2421 3878 2642 3934 aeternis
2670 3885 2817 3935 certe
2843 3877 3171 3949 dignissima
3191 3876 3345 3934 fastis
3368 3878 3380 3932 l

2234 3969 2299 4039 Ο,
2334 3985 2452 4043 quae
2486 3968 2752 4025 sublimes
2780 3969 3016 4025 inclinas
3040 3969 3213 4040 gratia
3232 3975 3463 4038 mentes,

2229 4061 2299 4117 Et
2331 4061 2552 4118 Christo
2582 4060 2791 4130 subigis
2816 4059 3080 4117 mundani
3111 4060 3252 4115 colla
3273 4056 3538 4115 tumoris!

2231 4150 2275 4206 Ο
2305 4150 2510 4221 regina,
2541 4151 2693 4222 pium
2725 4166 2992 4207 venerans
3024 4150 3082 4205 in
3106 4150 3334 4223 praesule
3363 4148 3606 4204 numen!

2232 4239 2297 4307 Ο,
2322 4239 2410 4295 cui
2428 4239 2542 4309 jam
2579 4241 2754 4296 defert
2774 4241 3017 4297 Romana
3046 4241 3310 4312 potentia,
3334 4238 3533 4311 praesul
3559 4238 3571 4293 l

2228 4328 2343 4386 Nec
2373 4330 2549 4387 aberit
2584 4328 2779 4401 multo,
2813 4332 2951 4405 quin
2979 4331 3133 4389 ocius
3159 4340 3307 4388 astra
3329 4329 3578 4404 sequenti

2228 4419 2453 4475 Deferat
2486 4419 2749 4476 aetherius
2777 4419 2999 4494 Superis
3030 4438 3157 4477 cum
3189 4420 3440 4477 millibus
3468 4419 3611 4475 axis.

2305 4509 2431 4565 149.
2462 4510 2625 4567 Forte
2654 4508 2743 4565 die
2765 4511 3020 4584 quadam,
3050 4512 3255 4584 populo
3283 4512 3541 4583 stipante,
3589 4510 3842 4581 plateam

2229 4600 2564 4671 Ingreditur,
2597 4600 2814 4674 placido
2843 4600 3181 4672 perlustrans
3209 4601 3394 4657 omnia
3424 4615 3631 4671 gressu,

2233 4691 2579 4763 Devenitque
2614 4692 2823 4760 locum,
2853 4691 3053 4747 misera
3082 4708 3189 4764 quo
3219 4700 3365 4747 sorte
3393 4698 3701 4747 nocentum

2231 4778 2457 4835 Publica
2476 4780 2805 4838 damnarant
2832 4779 3073 4837 tenebris
3095 4781 3367 4852 ergastula
3394 4779 3637 4845 turbam,

2229 4866 2442 4941 Quique
2473 4869 2731 4925 immersa
2750 4887 2886 4927 cavo
2916 4870 3094 4926 stricti
3111 4870 3346 4940 vestigia
3369 4870 3535 4940 ligno,

2225 4959 2524 5024 Incertum,
2550 4968 2873 5031 optarentne
2904 4961 3095 5032 magis,
3118 4960 3372 5031 potiusne
3404 4958 3668 5015 timerent

2225 5049 2524 5122 Suppliciis
2542 5050 2701 5108 finire
2731 5052 2876 5110 diem
2904 5072 2916 5109 :
2952 5068 3073 5126 spes
3093 5059 3287 5110 cetera
3316 5058 3514 5125 torpet.

2224 5137 2303 5195 Ne
2336 5137 2623 5211 trepidate,
2652 5140 2782 5211 viri,
2815 5158 2923 5198 neu
2960 5160 3059 5198 vos
3085 5141 3326 5198 addicite
3354 5139 3523 5197 morti
3562 5157 3575 5197 :

2227 5230 2348 5286 Non
2370 5230 2550 5287 omnis
2579 5224 2857 5304 assumpta
2880 5234 3032 5289 salus
3064 5245 3075 5290 :
3117 5247 3225 5305 qua
3252 5231 3407 5289 nulla
3436 5235 3694 5303 putatur,

2227 5319 2480 5379 Advehet
2514 5330 2784 5395 optatum,
2819 5323 3086 5382 subducta
3114 5321 3287 5392 clade,
3321 5322 3593 5379 levamen.

2225 5409 2555 5484 Compertus
2585 5413 2804 5471 miseris
2834 5421 3002 5486 utque
3030 5419 3112 5469 est
3134 5411 3372 5470 transire
3404 5408 3681 5479 sacerdos,

2291 5585 2312 5614 °
2336 5576 2563 5662 Poterat
2577 5580 2743 5662 taceri
2765 5579 2890 5662 hoc,
2914 5582 3106 5662 saltem
3141 5581 3191 5642 si
3217 5580 3285 5639 de
3305 5589 3423 5640 toto
3444 5576 3669 5654 imperii
3707 5576 3853 5654 ejus

2219 5654 2466 5723 tempore
2486 5646 2727 5724 intelligi
2758 5646 2970 5711 debeat.
