4066 6190
301 150 435 215 1197

295 308 482 366 Elatas
510 312 715 383 pariter
736 317 940 374 tollunt
969 319 1036 374 ad
1056 319 1232 378 sidera
1262 340 1442 381 voces.

293 397 560 468 Agnoscit
593 419 801 474 causas,
836 410 1038 480 populo
1069 411 1354 483 referente,
1386 416 1593 473 doloris
1623 437 1634 474 :

291 486 531 558 Indolet,
563 507 626 548 ac
654 495 872 552 facilem
900 499 1120 571 stringit
1151 505 1454 574 compassio
1485 517 1726 566 mentem
1752 528 1764 566 :

291 575 539 637 Carceris
558 583 804 642 immites
833 588 1034 647 blanda
1062 593 1259 664 pietate
1292 597 1574 656 ministros

288 666 557 726 Advocat.
592 673 890 734 Abducunt
918 681 1091 736 sancti
1123 700 1178 739 se
1209 685 1424 743 visibus
1456 689 1564 757 illi,

286 754 511 814 Solvere
538 763 684 832 quod
716 767 868 821 nulla
900 777 1150 840 poterant
1177 775 1390 832 ratione
1420 786 1699 850 nocentes,

283 843 431 912 Quos
461 850 598 904 aulae
629 867 878 922 proceres
907 857 1191 916 horrenda:
1232 879 1472 937 mergere
1503 869 1665 924 morti

282 933 514 992 Decreto
535 940 793 999 tulerant.
827 945 946 1012 Quo
978 957 1030 1004 te
1060 967 1206 1008 nunc
1232 962 1443 1011 vertere
1472 956 1716 1028 demum,

281 1024 400 1091 Quo
428 1032 650 1100 poteris,
685 1035 857 1105 pietas
889 1039 915 1092 ‘P
947 1040 1151 1096 Vereor
1171 1044 1458 1115 persistere
1487 1056 1665 1120 coepto

277 1115 356 1171 Ne
384 1132 494 1172 non
527 1120 794 1191 sufﬁcias;
824 1134 936 1194 aut,
970 1127 1014 1182 si
1047 1131 1333 1200 persistere
1358 1151 1511 1191 mens
1533 1145 1630 1205 est,

276 1202 594 1261 Indecorem
616 1209 824 1281 subeas,
850 1221 1058 1271 tentata
1085 1218 1246 1288 forte,
1272 1224 1567 1294 repulsam.

275 1293 362 1349 En
383 1295 571 1352 feritas
608 1301 914 1375 refugitque
963 1322 1168 1378 preces,
1200 1293 1514 1385 spernitque
1539 1324 1869 1387 precantem.

275 1383 503 1441 Praestat
532 1387 786 1446 divinum
817 1393 990 1466 magis
1019 1399 1304 1470 explorare
1333 1401 1611 1473 favorem;

273 1471 542 1546 Quodque
571 1488 771 1549 negant
802 1481 1076 1554 homines,
1110 1503 1141 1542 a
1170 1489 1450 1560 majestate
1479 1497 1687 1566 precari
1714 1517 1726 1554 :

272 1562 480 1619 Caetera
507 1566 586 1621 sic
616 1568 914 1639 quondam,
947 1571 1028 1627 sic
1049 1581 1107 1628 tu
1139 1590 1395 1646 superare
1424 1562 1656 1637 solebas.

346 1656 465 1715 I50.
501 1661 705 1718 Praesul
725 1667 964 1736 pmnales
995 1685 1237 1739 gressum
1259 1672 1499 1730 deﬂectit
1532 1677 1588 1732 in
1619 1678 1759 1736 aades
1785 1699 1794 1737 :

267 1747 514 1807 Membra
543 1754 659 1809 solo
679 1759 875 1815 sternit
911 1778 922 1815 :
955 1761 1225 1819 Deitatem
1250 1781 1489 1823 cernuus
1517 1776 1638 1825 orat
1662 1789 1674 1826 :

265 1836 379 1896 Nec
407 1842 578 1912 pietas
599 1846 856 1904 frustrata
883 1850 1098 1920 virum;
1133 1855 1418 1928 patuitque
1442 1867 1663 1928 repente

267 1927 475 2000 Gratia,
501 1950 606 2006 qua
634 1945 846 2007 gratum
880 1939 1130 1996 Christus
1153 1927 1407 2013 perﬂarat
1438 1927 1746 2004 alumnum.

262 2017 398 2075 Mox
428 2020 805 2082 fundamentis
833 2044 1016 2084 carcer
1043 2047 1341 2086 concussus
1369 2032 1435 2088 ab
1467 2034 1616 2103 imis,

261 2107 536 2179 Solvitur,
562 2122 615 2168 et
642 2114 806 2185 rigidi
838 2117 1174 2174 submittunt
1196 2121 1420 2177 vincula
1445 2133 1659 2194 postes;

260 2197 484 2268 Ferrea,
510 2200 708 2259 laxatis
739 2202 970 2261 immani
998 2209 1240 2280 pondere
1269 2212 1542 2282 claustris,

260 2285 430 2342 Porta
459 2297 642 2359 patet;
677 2291 843 2349 duros
872 2297 1074 2351 mirum
1109 2300 1453 2370 languescere
1485 2320 1683 2377 nexus,

259 2377 332 2432 Et
361 2378 608 2450 triplices
635 2382 821 2439 videas
842 2402 1001 2442 usum
1037 2387 1314 2460 abjurasse
1341 2400 1576 2452 catenas.

258 2467 581 2526 Exonerata
610 2473 761 2542 gravi
786 2475 1100 2532 relevantur
1126 2480 1366 2551 pondere
1396 2484 1556 2554 colla,

258 2557 436 2627 Colla,
483 2575 802 2635 manusque,
835 2567 1016 2637 pedes,
1049 2576 1100 2624 et
1133 2571 1403 2644 quidquid
1438 2573 1524 2629 vis
1549 2576 1864 2634 truculenta

257 2651 515 2706 Arctarat
545 2653 720 2724 rigido
753 2656 1076 2714 miserorum
1109 2661 1165 2714 in
1201 2678 1427 2734 corpore
1452 2666 1596 2722 ferro
1630 2685 1643 2735 ;

256 2738 519 2797 Absolvit
550 2743 742 2814 pietas,
777 2746 952 2802 rabies
978 2749 1123 2821 quod
1146 2751 1400 2808 vinxerat
1426 2762 1561 2811 atra.

259 2827 303 2885 Ο
341 2846 556 2904 semper
586 2834 808 2891 robusta
832 2836 997 2894 ﬁdes!
1031 2838 1118 2894 cui
1161 2840 1402 2911 subjacet
1423 2859 1604 2913 omne,

255 2919 415 2986 Quod
440 2933 636 2980 natura
669 2935 848 2998 negat,
877 2930 1043 2986 certis
1069 2946 1230 3001 quam
1256 2931 1465 3003 legibus
1495 2934 1574 2988 uti

255 3008 622 3083 Omnipotens
652 3017 929 3087 prohibet,
962 3019 1080 3074 fieri
1103 3020 1372 3093 siquando
1402 3031 1674 3095 perurget,

252 3099 388 3155 Esse
411 3103 555 3173 quod
595 3103 904 3174 insolitum,
937 3117 1132 3164 natura
1162 3118 1314 3180 teste,
1339 3112 1635 3183 probatur;

257 3189 486 3247 Proruit
504 3197 778 3268 exemptis
807 3198 1130 3254 miserorum
1162 3201 1354 3256 concio
1381 3201 1601 3270 vinclis,

251 3280 538 3354 Squalida,
569 3285 743 3358 pigra,
778 3287 1026 3358 horrens,
1051 3291 1403 3359 miserabilis,
1427 3293 1663 3365 hispida,
1699 3310 1852 3349 mar-

1594 3380 1777 3454 [cens;

248 3465 480 3538 Praeque
512 3469 690 3523 ferens
720 3485 921 3523 vacuos
953 3469 1103 3523 facili
1135 3470 1430 3540 gestamine
1451 3487 1645 3541 nexus,

247 3556 388 3623 Quis
419 3556 571 3627 prius
606 3555 904 3626 implicitos
924 3557 1113 3614 feritas
1139 3558 1446 3616 obduxerat
1465 3570 1634 3617 artus.

246 3645 553 3716 Linquitur
581 3645 853 3700 innocuus
882 3646 1103 3716 tandem
1137 3656 1262 3719 post
1296 3656 1540 3721 tempora
1573 3667 1777 3723 carcer,

246 3735 670 3805 Immunemque
701 3735 846 3790 necis
876 3735 1068 3807 pandit
1109 3737 1473 3796 subeuntibus
1502 3742 1702 3800 aulam.

243 3822 508 3879 Ecclesiae
540 3823 770 3894 gremio,
805 3825 951 3895 pacis
983 3834 1259 3896 praeeunte
1290 3829 1594 3900 triumpho,

245 3911 554 3967 Germanus
582 3912 839 3968 reducem
870 3914 1009 3968 mira
1031 3915 1232 3986 pietate
1265 3915 1548 3971 cohortem

242 4001 464 4058 Inserit.
498 4004 598 4057 Illa
628 4020 773 4058 novo
802 4005 1111 4076 persultans
1140 4005 1382 4061 carmine
1415 4007 1646 4076 plaudit.

310 4091 432 4148 151.
475 4093 592 4148 Ibat
624 4093 679 4148 in
727 4094 1058 4151 immensum
1099 4096 1311 4152 meritis
1358 4097 1630 4153 instructa
1673 4099 1846 4158 beatis

243 4186 414 4240 Fama
443 4181 620 4240 Patris
643 4187 853 4258 magni;
880 4187 1165 4259 signorum
1196 4189 1370 4260 gloria
1397 4207 1498 4246 nec
1527 4208 1638 4248 non

241 4274 404 4332 Clara
428 4291 610 4330 comes
640 4277 870 4348 populos
899 4277 965 4332 ad
999 4277 1254 4350 dogmata
1281 4289 1470 4336 sancta
1499 4280 1677 4337 ciebat

239 4364 287 4420 E
327 4365 543 4420 cunctis
572 4381 862 4437 properare
895 4367 1048 4436 locis,
1087 4368 1286 4440 quibus
1314 4369 1483 4425 ardua
1508 4370 1685 4426 virtus

237 4453 574 4511 Iamdudum
597 4463 876 4526 comperta
897 4457 1055 4513 foret.
1089 4459 1368 4514 Facundia
1398 4476 1707 4532 quanquam

238 4544 400 4601 Nunc
425 4544 566 4600 mihi
598 4555 928 4618 suppeteret,
953 4547 1101 4605 soliti
1133 4565 1294 4621 quam
1311 4550 1553 4606 carmine
1579 4559 1730 4607 vates

237 4632 477 4704 Gutture
497 4635 804 4704 centicano,
838 4637 1177 4710 totidemque
1208 4655 1499 4711 exposcere
1526 4639 1762 4712 linguis;

237 4722 469 4794 Singula
499 4740 600 4781 nec
631 4724 864 4782 modicis
893 4744 1106 4799 possem
1137 4729 1500 4801 perstringere
1525 4729 1728 4798 verbis,

239 4809 372 4877 Quae
404 4812 562 4868 Pater
589 4813 854 4869 Ausoniis
888 4815 1153 4872 miracula
1191 4818 1415 4888 gesserit
1440 4817 1571 4888 oris,

242 4901 634 4973 Amplificante
663 4905 776 4960 Deo
796 4905 1010 4962 dilectae
1031 4923 1262 4962 munera
1286 4907 1450 4964 dotis.

239 4989 378 5056 Quis
417 5007 527 5046 non
557 4992 841 5064 quaesitam
876 4993 1209 5050 membrisve
1234 4995 1503 5052 animisve
1542 4998 1766 5055 medelas

241 5079 440 5135 Hausit
469 5097 625 5152 opem
650 5081 677 5136 ?
713 5081 812 5138 Cui
845 5098 957 5138 non
990 5083 1244 5140 faverunt
1274 5092 1401 5141 vota
1432 5089 1638 5156 petenti
1669 5088 1697 5144 ?

241 5168 379 5235 Quis
399 5186 509 5225 non
532 5170 855 5227 munificum
886 5174 1251 5231 cumulandus
1283 5191 1506 5230 munere
1527 5178 1696 5234 sensit
1726 5178 1754 5234 ?

240 5262 534 5318 Doctorem
563 5261 816 5330 stolidus,
850 5270 1056 5335 patrem
1083 5264 1351 5336 persensit
1382 5282 1604 5337 egenus,

242 5349 586 5408 Submissum
631 5352 870 5422 minimi,
904 5355 1274 5410 venerandum
1325 5356 1561 5427 denique
1591 5355 1831 5426 summi;

242 5441 424 5513 thue
443 5444 602 5500 docet
628 5446 848 5514 Paulus,
873 5446 951 5502 sic
980 5447 1236 5503 omnibus
1265 5449 1449 5503 omnia
1480 5449 1674 5517 factus,

241 5533 465 5590 Divinis
495 5551 684 5591 omnes
707 5536 918 5593 studuit
945 5536 1330 5593 transfundere
1363 5537 1546 5593 lucris.

1334 169 1428 231 DE
1468 169 1638 236 VITA
1676 180 1730 236 s.
1781 183 2120 244 GERMANI.
2161 220 2230 231 —
2268 189 2403 247 LIB.
2446 180 2540 250 v‘t.

1910 341 1960 400 A

3458 198 3597 274 1198

2064 337 2182 393 I52.
2212 339 2339 396 Haec
2367 349 2546 399 tamen
2581 347 2827 418 angelico
2871 364 2982 406 non
3029 351 3205 427 impar
3251 365 3365 416 Vita
3410 364 3590 422 colori

1998 424 2076 480 Ne
2105 426 2223 482 sine
2254 435 2388 486 teste
2419 431 2578 502 foret,
2608 453 2703 490 sex
2728 437 2990 496 assedisse
3021 424 3272 501 feruntur

1996 514 2194 575 Sancto
2219 517 2526 589 pontiﬁces,
2556 525 2861 599 meritoque
2891 537 2944 585 et
2968 531 3192 588 nomine
3218 535 3352 590 clari

1995 603 2260 677 Tempore
2291 610 2594 680 continuo;
2628 631 2723 671 seu
2752 635 2877 675 cum
2913 620 3176 679 miracula
3206 625 3414 682 mundo

1994 688 2214 762 Ederet,
2259 703 2353 751 aut
2399 697 2656 754 crucibus
2689 718 2994 777 corpusque
3023 716 3282 782 artusque
3318 713 3586 772 domaret.

1992 777 2061 832 Hi
2091 787 2255 836 testes
2279 799 2502 855 operum
2530 789 2722 844 multis
2751 807 2996 849 mansere
3020 777 3232 856 diebus.

2064 869 2184 926 153.
2237 872 2354 929 Huc
2405 875 2539 946 pede
2586 877 2802 936 difﬁcili
2869 897 3184 956 quanquam
3245 889 3592 948 decurrimus

3359 977 3588 1052 [usque:

1989 1053 2062 1108 At
2094 1069 2241 1112 nunc
2269 1056 2502 1113 ulterius
2533 1066 2750 1118 tentans
2790 1062 3075 1122 intendere
3107 1082 3375 1139 gressum,

1986 1141 2225 1199 Materiae
2255 1147 2498 1203 novitate
2530 1165 2748 1221 premor
2781 1171 2794 1220 ;
2842 1162 2958 1210 tum
2993 1157 3234 1228 pondere
3265 1158 3462 1225 fessus,

1986 1228 2069 1285 Ire
2098 1231 2319 1304 quidem
2353 1252 2561 1309 nequeo
2595 1257 2608 1307 ;
2643 1240 2819 1311 pudor
2847 1251 2928 1300 est
2958 1243 3228 1316 deponere
3257 1247 3481 1305 fascem.

1985 1322 2164 1393 Atque
2194 1323 2428 1395 utinam,
2466 1328 2628 1386 rebus
2658 1332 2857 1388 caelum
2888 1335 3262 1392 crescentibus
3293 1354 3486 1412 usque,

1985 1408 2237 1468 Crescere
2269 1416 2434 1471 verba
2457 1417 2631 1488 dares,
2658 1421 2807 1477 nasci
2841 1422 2934 1495 qui
2963 1423 3130 1480 verba
3159 1424 3358 1482 dedisti
3393 1428 3405 1484 t

1985 1497 2258 1570 Eligerem
2288 1504 2389 1560 sub
2421 1504 2563 1561 fasce
2594 1509 2754 1577 mori,
2777 1525 2938 1583 quam
2969 1512 3158 1569 cedere
3187 1515 3405 1588 coeptis.

1985 1587 2089 1643 Sed
2121 1591 2255 1661 quid
2281 1609 2380 1665 ago
2412 1594 2439 1650 ?
2469 1596 2784 1673 priscumne
2815 1600 2991 1658 sinam
3023 1603 3248 1676 periisse
3282 1587 3524 1665 laborem
3557 1609 3585 1664 ?

1905 1695 1952 1754 Β
1983 1678 2194 1753 Cuique
2234 1682 2419 1740 datum
2457 1687 2632 1759 pelagi
2673 1706 2810 1761 pene
2840 1692 3158 1766 contingere
3193 1695 3370 1767 littus,

1982 1767 2155 1826 Unius
2187 1769 2404 1842 objectu
2433 1781 2487 1829 et
2516 1778 2726 1851 trepida
2752 1780 3049 1839 formidine
3075 1784 3194 1839 saxi

1885 1869 1897 1878 ·
1981 1855 2174 1912 Lintea
2204 1861 2502 1931 retrodare,
2539 1873 2592 1920 et
2623 1867 2799 1937 patiar
2825 1872 3180 1930 succumbere
3209 1891 3367 1931 noxae
3396 1875 3425 1932 ?

1980 1943 2120 2012 Huc,
2153 1944 2330 2015 Pater,
2363 1952 2568 2022 aspires
2594 1955 2740 2011 votis
2763 1956 3099 2030 ingentibus,
3138 1978 3258 2028 oro,

1977 2033 2216 2107 Spesque
2247 2040 2434 2108 procul
2466 2040 2616 2097 fusas
2645 2043 2700 2098 in
2735 2047 2968 2116 pectoris
2997 2057 3154 2104 antra
3181 2051 3440 2110 refundas

1979 2122 2216 2178 Vitalem
2248 2125 2454 2183 functis
2483 2129 2722 2188 animam
2753 2133 2842 2190 cui
2872 2135 3099 2194 reddere
3128 2139 3390 2197 membris

1976 2215 2264 2283 Quondam
2297 2235 2452 2290 posse
2477 2222 2584 2279 fuit
2614 2241 2832 2283 caenosa
2865 2230 3010 2285 mole
3044 2241 3291 2303 gravato.

1975 2309 2315 2380 Argumenta
2341 2314 2424 2370 tui
2452 2315 2664 2388 capiam
2694 2324 2876 2375 tamen
2899 2320 3029 2378 inde
3060 2324 3288 2396 favoris,

1974 2399 2031 2456 Si
2069 2403 2252 2472 modo,
2286 2405 2432 2477 quod
2461 2407 2710 2480 memini,
2758 2410 2862 2466 rite
2892 2429 3207 2484 percurrere
3238 2417 3427 2477 dones.

2589 2553 2832 2621 CAPUT
2866 2567 2933 2623 II.

1970 2645 2169 2703 Ibidem
2208 2653 2480 2714 mortuum
2526 2653 2810 2734 urgeant-)-
2870 2658 3061 2714 liberat
3111 2676 3509 2734 energumeuum
3549 2684 3571 2732 ,-

2431 2726 2678 2794 prwdt'cit
2703 2728 2897 2784 obitum
2925 2746 3098 2787 suum.

2042 2833 2162 2893 154.
2212 2837 2545 2898 Volusianus
2589 2851 2703 2900 erat
2745 2847 3002 2917 praecelso
3040 2849 3265 2907 nomine
3316 2853 3564 2928 quidam,

1966 2923 2129 2981 Urbis
2161 2927 2411 2997 patricio,
2444 2930 2547 2987 toti
2574 2931 2808 2990 dilectus
2834 2943 2887 2992 et
2919 2936 3068 3006 urbi,

1885 3054 1928 3114 Ο
1963 3013 2143 3086 Atque
2166 3032 2195 3071 a
2223 3019 2483 3075 cancellis
2515 3024 2692 3092 prisco
2722 3023 2788 3079 de
2818 3042 2968 3080 more
2998 3027 3273 3088 minister.

1963 3104 2139 3161 Filius
2168 3106 2298 3162 huic
2337 3109 2528 3179 primis
2560 3111 2800 3182 impense
2831 3122 3014 3186 gratus
3043 3117 3103 3172 in
3127 3120 3305 3187 annis,

1961 3194 2079 3250 Jam
2111 3199 2519 3269 promulgandze
2549 3216 2698 3272 Spem
2726 3203 3058 3273 posteritatis
3087 3208 3264 3264 alebat
3295 3227 3310 3277 ;

1963 3293 2012 3346 Is
2043 3301 2224 3350 tamen
2259 3294 2567 3351 immodicae
2591 3297 2837 3368 pulsatus
2868 3301 3094 3359 verbere
3122 3305 3314 3377 febris,

1962 3382 2158 3440 Tabuit
2189 3384 2420 3452 infelix;
2455 3388 2591 3444 furit
2614 3389 2830 3446 ossibus
2860 3391 3057 3449 intima
3083 3398 3269 3469 pestis,

1961 3473 2105 3540 Quin
2134 3476 2297 3531 etiam
2327 3476 2563 3548 liquidas
2585 3477 2699 3549 jam
2741 3479 3064 3552 depopulata
3100 3487 3366 3546 medullas
3399 3511 3412 3559 ;

1960 3561 2221 3619 Terrebat
2242 3565 2459 3622 vicibus
2491 3566 2750 3622 miserum
2777 3568 3056 3644 frigusque
3085 3577 3343 3650 calorque

1960 3650 2208 3723 Pestifer,
2241 3653 2485 3724 insanus,
2518 3655 2865 3728 miserabilis,
2902 3660 3300 3724 immoderatus
3332 3687 3345 3737 ;

1958 3741 2362 3818 Pertaesumque
2393 3746 2524 3816 cibi,
2561 3757 2848 3819 pertzesum
2881 3749 3117 3825 denique
3143 3764 3328 3827 potus,

1959 3832 2188 3891 Ferreus
2219 3835 2277 3890 in
2311 3843 2542 3892 mortem
2574 3839 2846 3910 perstabat
2877 3841 3096 3899 trudere
3124 3861 3371 3904 somnus.

1957 3919 2073 3976 Iam
2102 3923 2304 3978 cedunt
2334 3923 2532 3981 medici
2565 3942 2580 3992 ;
2619 3943 2740 3998 spes
2769 3935 2851 3983 est
2881 3929 3096 3986 sublata
3126 3933 3320 3991 salutis
3357 3954 3372 4004 ;

1961 4008 2267 4066 Percellunt
2295 4014 2537 4082 trepidos
2565 4021 2784 4071 tantum
2805 4017 3045 4076 lamenta
3074 4031 3345 4094 parentes,

1956 4097 2159 4154 Lurida
2188 4100 2247 4155 in
2273 4110 2531 4156 aeternam
2567 4106 2848 4162 clausuros
2875 4111 3086 4166 lumina
3118 4126 3372 4174 mortem.

1955 4186 2098 4242 Vota
2127 4187 2221 4242 sed
2251 4189 2319 4242 ad
2349 4195 2598 4246 sanctum
2629 4207 2798 4263 prope
2825 4209 2944 4249 sera
2975 4198 3202 4267 tulistis,
3233 4205 3418 4261 amici.

1951 4274 2237 4332 Praevertit
2268 4277 2377 4334 cita
2407 4293 2573 4348 mors,
2616 4279 2758 4335 nulli
2788 4298 2909 4354 quae
2941 4301 3162 4357 parcere
3193 4292 3370 4347 novit.

1870 4409 1920 4468 Β
1952 4370 2050 4426 Ille
2077 4378 2258 4426 tamen
2291 4380 2562 4444 properat,
2596 4379 2742 4429 coetu
2767 4375 3067 4432 comitante
3094 4378 3334 4449 piorum.

1949 4461 2190 4516 Nuntius
2218 4460 2428 4518 interea
2455 4471 2634 4533 coepto
2662 4463 2898 4521 deterret
2926 4473 3140 4536 euntes,

1945 4548 2056 4606 Nec
2079 4549 2216 4618 fore,
2248 4567 2356 4623 qua
2384 4566 2498 4606 sese
2529 4552 2727 4623 praesul
2755 4552 2968 4610 ratione
2996 4553 3208 4628 fatiget,

1947 4639 2105 4708 Quod
2131 4656 2265 4712 puer
2292 4648 2551 4698 extremae
2570 4641 2756 4714 jussus
2781 4645 3077 4704 concedere
3105 4648 3263 4719 sorti,

1946 4737 2215 4810 Sparserit
2241 4737 2300 4794 in
2329 4746 2520 4797 tenues
2548 4757 2708 4797 usum
2739 4741 3053 4816 spiraminis
3081 4760 3262 4803 auras.

2019 4827 2422 4885 i55.Tumvero
2433 4829 2686 4902 precibus
2701 4831 3548 4905 subiguntcommunibusomnes

1947 4914 2140 4973 Officio
2171 4926 2409 4990 perstare
2441 4918 2531 4991 pio
2559 4937 2573 4988 ;
2615 4933 2716 4977 nec
2750 4919 2971 4979 distulit
3000 4923 3115 4981 ille.

1946 5003 2244 5061 Inveniunt
2273 5007 2498 5078 rigidos,
2529 5007 2684 5065 fibris
2713 5011 3104 5081 marcentibus,
3133 5019 3304 5083 artus,

1947 5094 2017 5149 Et
2034 5093 2148 5165 jam
2175 5106 2492 5153 concretum
2523 5098 2672 5154 letali
2703 5099 2904 5172 frigore
2931 5106 3122 5172 pectus
3153 5119 3165 5158 :

1946 5183 2123 5256 thue
2152 5192 2232 5240 est
2263 5185 2610 5242 Christicolis
2641 5189 2890 5262 ritusque
2917 5195 2973 5244 et
2994 5205 3124 5247 cura
3153 5191 3412 5261 salubris,

1948 5272 2213 5327 Functam
2240 5274 2563 5331 muneribus
2591 5275 2836 5332 violenta
2864 5284 3008 5333 sorte
3037 5279 3259 5336 caducis

1949 5359 2349 5419 Commendant
2376 5363 2639 5434 animam,
2669 5365 2759 5420 cui
2790 5367 2990 5422 vivunt
3020 5367 3224 5438 omnia,
3258 5369 3411 5442 Regi.

1949 5449 2092 5505 Hinc
2120 5465 2358 5505 remeare
2389 5457 2599 5522 parant.
2633 5451 2770 5506 Tum
2800 5453 2982 5509 luctus
3008 5453 3226 5512 tollitur
3256 5457 3467 5530 ingens,

1948 5538 2370 5612 Permixtusque
2398 5541 2529 5597 ferit
2552 5542 2882 5615 populorum
2913 5543 3089 5601 sidera
3119 5547 3369 5620 plangor,
