4074 6186
511 202 647 264 1199

514 350 873 411 Confundens
902 342 1160 419 lugubres
1190 344 1327 401 diris
1350 341 1683 400 clamoribus
1715 339 1874 397 aedes.

506 440 808 500 Pontifices
838 437 1094 494 manibus
1127 435 1371 506 deligunt
1408 434 1593 489 oscula
1621 435 1822 489 sanctis
1858 451 1872 500 ;

507 532 699 600 Orant,
733 530 1017 601 lugentum
1060 526 1430 580 miseresceret
1464 521 1558 577 ille
1587 531 1895 594 parentum.

504 621 948 689 Defunctumque
974 616 1087 670 imo
1116 614 1367 686 precibus
1396 620 1676 668 revocaret
1703 630 1927 669 averno.
1996 660 1997 663 η

503 708 733 766 Obstitit
762 708 857 762 ille
887 705 982 761 diu
1019 703 1193 759 sancti
1225 702 1435 757 ratione
1465 702 1707 773 pudoris,

501 800 779 857 Virtutem
810 805 1012 851 temere
1040 795 1213 849 fassus
1251 807 1362 847 non
1395 808 1509 846 esse
1540 790 1850 864 petendam,

498 888 629 956 Nec,
663 885 839 958 possis
866 892 1155 957 quantum,
1186 881 1303 936 fieri
1336 880 1531 936 debere
1564 881 1847 951 periclum.

496 976 748 1049 Imperiis
776 975 904 1030 ﬁdei
936 973 1155 1029 tandem
1186 970 1481 1027 concedere
1511 969 1708 1026 doctus

496 1065 713 1123 Annuit
741 1082 755 1131 ;
794 1064 926 1118 hinc
954 1060 1202 1134 pulchris
1252 1067 1491 1114 mentem
1522 1059 1876 1131 przecingitnr
1907 1059 2094 1128 armis,

499 1153 801 1212 Commoda
833 1151 1046 1207 militia:
1075 1166 1195 1222 quze
1226 1157 1455 1205 noverat
1485 1166 1599 1204 esse
1629 1166 1877 1221 supernae
1910 1168 1922 1205 :

499 1246 625 1300 Haec
653 1242 813 1298 heros
836 1240 1036 1310 vibrat,
1068 1239 1363 1311 turbasque
1390 1240 1652 1295 facessere
1680 1239 1902 1294 mandat
1937 1255 1948 1293 :

499 1332 773 1389 Sternitur
800 1329 933 1386 hinc
960 1330 1108 1385 arvis
1135 1337 1172 1397 ',
1204 1336 1357 1384 tanto
1393 1329 1631 1385 vicinior
1659 1327 1819 1383 astris
1853 1346 1867 1396 ;

497 1425 747 1483 Fletibus
769 1424 961 1496 implet
982 1423 1236 1491 humum,
1271 1422 1475 1493 gemitu
1507 1421 1755 1492 percellit
1771 1419 2092 1490 Olympum,

494 1517 566 1573 Et
596 1514 876 1572 Christum
910 1512 1188 1585 lacrymis,
1219 1521 1273 1568 et
1301 1512 1580 1569 Christum
1615 1510 1925 1582 planctibus
1953 1516 2093 1564 orat.

570 1603 691 1660 156.
724 1590 924 1660 Audiit
952 1603 1333 1675 Omnipotens,
1367 1619 1468 1658 nec
1495 1601 1682 1657 diﬂ‘ert
1714 1609 1838 1655 vota
1867 1598 2047 1655 ﬁdelis
2078 1614 2090 1653 :

493 1694 864 1767 Elicitamque
887 1694 1015 1750 imis
1041 1693 1283 1749 animam
1312 1709 1550 1749 remeare
1580 1691 1852 1758 cavernis,

492 1784 611 1850 Qua
646 1784 855 1839 virtute
879 1792 1076 1856 potest,
1099 1783 1320 1839 detexta
1350 1790 1594 1839 retexere
1618 1781 1803 1853 jussit.

490 1868 787 1945 Extemplo
816 1876 1077 1943 recalent,
1109 1874 1275 1929 motis
1297 1874 1672 1945 compagibus,
1704 1879 1876 1939 artus,

488 1961 561 2014 Et
580 1960 787 2016 sensim
809 1961 973 2032 prisci
996 1961 1322 2033 [B.,vegetij
1342 1970 1593 2031 repetunt
1613 1962 2090 2032 collegia(B.,loca

1427 2046 1715 2120 [congrua)
1749 2066 1938 2105 sensus
1963 2070 1977 2119 ;

487 2134 764 2213 Sanguine
794 2145 1080 2211 concepto,
1112 2136 1294 2194 socius
1322 2139 1471 2194 calor
1500 2156 1621 2194 ossa
1650 2141 1841 2197 revisit
1876 2161 1887 2198 :

485 2231 617 2298 Quae
646 2228 809 2302 sopor
837 2228 1081 2299 urgebat,
1113 2228 1292 2285 lucem
1316 2226 1429 2299 jam
1470 2227 1684 2286 lumina
1721 2231 1933 2304 spirant
1962 2251 1974 2299 ;

483 2321 713 2394 Jamque
744 2322 950 2376 micant
979 2318 1139 2391 digiti
1169 2337 1181 2385 ;
1230 2317 1344 2389 jam
1375 2319 1573 2391 quaerit
1597 2321 1784 2394 lingua
1815 2323 2023 2380 moveri
2069 2342 2080 2379 :

484 2410 683 2469 Omnia
706 2410 904 2466 vitales
942 2415 1197 2465 exercent
1225 2409 1470 2464 membra
1498 2409 1716 2481 ﬁguras.

482 2502 593 2557 Nec
624 2502 777 2573 prius
805 2499 1033 2555 antistes
1063 2506 1214 2554 artus
1240 2515 1268 2553 e
1298 2499 1522 2569 pulvere
1554 2502 1722 2569 tollit,

481 2589 748 2647 Cominus
776 2588 1042 2653 adnixus;
1075 2586 1247 2642 donec
1272 2589 1553 2659 consurgit
1583 2597 1830 2663 uterque.

478 2680 550 2734 Et
577 2695 730 2751 puer,
763 2686 815 2734 et
845 2678 1041 2751 praesul
1066 2696 1080 2745 ;
1122 2677 1215 2733 hic
1242 2677 1374 2742 leto,
1405 2676 1625 2734 ﬂetibus
1653 2679 1747 2733 ille
1780 2697 1791 2734 :

480 2769 786 2823 Germanus
808 2766 1069 2835 juvenem
1102 2784 1245 2822 saevo
1275 2767 1341 2821 de
1371 2768 1562 2823 funere
1594 2777 1811 2840 raptum

483 2856 664 2927 Erigit
694 2872 708 2922 ;
752 2862 993 2909 erectum
1025 2854 1203 2909 turbis
1235 2856 1596 2925 gaudentibus
1623 2859 1805 2915 infert.

486 2943 742 3000 Procedit
762 2942 837 3023 de
865 2949 1041 2997 morte
1070 2958 1267 3011 novus,
1300 2942 1541 3017 ﬂatuque
1568 2948 1813 3013 reducto,

492 3034 762 3107 Respirat,
792 3033 1013 3101 residet,
1046 3033 1345 3102 refovetur,
1377 3034 1619 3106 respicit,
1652 3036 1859 3106 horret,

489 3123 664 3195 Seque
690 3131 873 3196 stupet
901 3140 1180 3196 superesse
1201 3124 1306 3179 sibi
1341 3143 1352 3180 :
1388 3141 1518 3180 mox
1547 3126 1762 3183 viribus
1786 3128 1942 3196 actis,

480 3214 639 3270 Exiit
666 3214 725 3269 in
750 3214 990 3270 solidum
1014 3214 1255 3270 connixo
1286 3223 1504 3285 pectore
1526 3217 1713 3273 robur.

477 3306 625 3361 Laeta
650 3303 729 3361 rei
759 3305 926 3362 facies
956 3306 1136 3362 luctus
1165 3305 1327 3361 elusit
1356 3306 1601 3376 acerbos,

468 3396 539 3451 Et
568 3403 819 3468 percepta
847 3395 994 3451 diem
1025 3404 1351 3468 pepererunt
1388 3397 1584 3467 gaudia
1612 3398 1812 3454 festum

472 3485 716 3543 Vocibus
745 3486 940 3551 elatis;
982 3485 1257 3557 contingit
1287 3485 1465 3541 sidera
1495 3488 1673 3543 virtus

471 3574 815 3646 Magniﬁcata
840 3574 960 3632 Dei.
993 3574 1082 3631 Sic
1113 3582 1195 3642 tu,
1226 3574 1324 3642 sic,
1359 3574 1599 3642 Christe,
1631 3575 1819 3631 futuro

464 3665 594 3721 Mox
624 3673 803 3720 tecum
836 3663 1044 3718 famulo
1075 3663 1323 3720 cumulas
1349 3664 1621 3735 praeconia
1650 3663 1896 3721 laudum.

466 3752 661 3809 Gloria
688 3768 901 3808 summa
924 3752 1049 3821 tibi,
1082 3750 1277 3807 mortis
1304 3752 1398 3823 qui
1430 3752 1608 3807 victor
1635 3752 1865 3820 acerbas,

471 3844 729 3916 Praecipis
758 3844 947 3901 electis
976 3842 1331 3899 succumbere
1356 3849 1557 3897 tartara
1584 3842 1776 3897 servis.

540 3956 664 4011 157.
722 3955 939 4026 Regalis
990 3956 1243 4029 princeps
1298 3955 1399 4012 hac
1451 3963 1774 4028 tempestate
1839 3955 2059 4024 cubilis,

460 4043 535 4099 Et
561 4051 808 4099 servator
829 4060 994 4116 opum
1026 4044 1346 4117 perhibetur
1374 4044 1514 4099 forte
1540 4044 1707 4100 fuisse

465 4132 748 4202 Accolius,
780 4134 928 4190 claro
957 4135 1198 4190 famosus
1228 4135 1453 4190 nomine
1478 4134 1669 4206 spado.

462 4223 676 4279 Nobilis
706 4224 798 4281 hic
825 4225 1026 4281 damno
1057 4233 1174 4280 tum
1210 4225 1566 4296 torquebatur
1594 4224 1826 4293 alumni,

461 4314 579 4369 Jam
606 4314 850 4386 juvenis,
877 4314 989 4386 jam
1021 4333 1128 4389 qua
1158 4317 1347 4383 velles,
1377 4332 1447 4370 ex
1474 4322 1590 4370 arte
1619 4313 1781 4386 periti
1808 4332 1822 4369 :

458 4404 715 4475 Repserat
743 4403 801 4457 in
830 4404 1088 4459 miserum
1122 4404 1299 4459 rabies
1329 4403 1602 4458 horrenda
1628 4400 1833 4458 furoris

456 4491 735 4548 Daemonis
761 4491 971 4561 afflatu,
1003 4492 1222 4563 propria
1252 4489 1347 4562 qui
1383 4498 1531 4562 peste
1556 4490 1808 4560 nocivus,

456 4579 658 4635 Allidit
694 4588 878 4651 captas
905 4580 1053 4636 foedo
1083 4580 1404 4635 discrimine
1432 4586 1656 4645 mentes,

454 4668 734 4725 Menstrua
761 4666 1023 4722 deciduos
1044 4684 1169 4723 cum
1210 4668 1340 4722 luna
1367 4666 1638 4737 recolligit
1666 4666 1835 4736 ignes.

455 4757 675 4828 Regina
706 4756 979 4828 precibus,
1013 4757 1329 4812 miserantis
1358 4757 1509 4824 talia,
1541 4755 1738 4811 Sancto

457 4844 716 4912 Oﬂ‘ertur,
752 4846 912 4914 longa
938 4844 1161 4900 tandem
1192 4844 1258 4901 de
1288 4845 1441 4901 clade
1467 4843 1717 4915 piandus,

452 4934 695 5007 Suscipit
728 4952 741 5002 ;
779 4942 941 5007 atque
966 4933 1056 4990 die
1087 4935 1428 5007 purgandum
1459 4933 1677 4989 distulit
1706 4931 1802 4986 illo
1831 4948 1845 4998 ;

448 5025 589 5085 Cum
616 5033 800 5081 tamen
819 5023 1119 5093 immanes,
1160 5024 1439 5097 praemisso
1470 5022 1671 5078 famine
1702 5029 1936 5092 tantum,

448 5108 690 5182 'l'rudere
720 5128 838 5167 mos
864 5119 1003 5168 esset
1031 5126 1306 5184 quoquam
1336 5111 1403 5166 de
1430 5124 1655 5179 corpore
1685 5114 1861 5179 pestes
1898 5125 1912 5164 :

442 5196 688 5273 Namque
708 5200 844 5257 adeo
874 5201 1134 5256 miserum
1160 5216 1336 5255 caecus
1360 5204 1735 5271 penetraverat
1760 5196 1954 5266 hostis,

442 5288 750 5365 Intimaque
784 5301 839 5348 et
867 5290 1064 5346 ﬂuidas
1092 5289 1403 5362 persederat
1431 5304 1602 5362 usque
1632 5288 1899 5343 medullas

439 5376 596 5449 Acsi
624 5387 772 5436 certa
799 5380 1016 5449 domus,
1047 5395 1144 5436 seu
1176 5396 1273 5435 vas
1303 5377 1538 5463 speciale
1568 5376 1824 5451 malignis

508 5508 526 5573 _'
565 5502 624 5557 Id
653 5511 754 5573 est,
782 5506 946 5565 humi.

506 5568 529 5645 ξ’
567 5568 753 5629 Saeva}
780 5592 878 5649 pro
915 5579 1076 5634 malae
1104 5596 1165 5637 ac
1184 5592 1464 5653 perversae.

1513 188 1752 249 HEBICI
1789 186 2108 250 MONACHI
2145 178 2806 246 ANTISSIODORENSIS

2090 4447 2138 4506 D

3664 169 3809 233 1200

2133 360 2182 419 Α
2212 340 2412 396 Usibus
2442 339 2723 395 addictum
2748 336 2963 409 captiva
2983 341 3126 390 sorte
3154 331 3367 389 fuisset.

2211 431 2369 487 Hunc
2399 431 2574 497 Pater,
2600 429 2745 485 hunc
2767 444 2949 484 secum
2980 427 3081 483 sub
3102 433 3316 481 noctem
3339 420 3597 480 claudere
3612 419 3806 492 jussit.

2207 522 2335 579 Mox
2365 522 2519 594 quasi
2549 520 2840 575 tormentis
2870 518 3086 573 daemon
3115 514 3433 586 compulsus
3470 511 3696 579 amaris,

2204 613 2521 684 Prorumpit
2542 611 2670 668 caeci
2697 610 2878 667 verbis
2908 609 3114 664 virtute
3147 605 3370 661 latebris
3394 623 3408 672 ;

2203 704 2376 775 Seque
2399 703 2673 757 infelicem
2704 699 2905 757 teneris
2935 697 3180 770 rapuisse
3208 695 3308 750 sub
3338 692 3499 749 annis

2203 792 2441 859 Indicat;
2471 808 2584 847 esse
2604 792 2710 859 sui,
2730 792 2938 862 placeat
2968 788 3012 842 si
3034 786 3245 852 cedere,
3265 784 3428 856 juris,

2205 883 2360 950 Quod
2389 883 2494 937 sibi
2523 889 2795 938 constaret
2826 878 2995 936 tantis
3027 877 3263 933 servisse
3291 874 3506 929 diebus.

2203 972 2324 1027 Non
2353 972 2483 1026 tulit
2513 972 2615 1026 ista
2637 972 2796 1025 Pater
2822 988 2834 1036 ;
2877 967 3066 1040 procul
3092 972 3147 1020 at
3177 962 3456 1020 discedere
3480 960 3699 1033 jussit,‘

2202 1066 2312 1122 Nec
2340 1073 2459 1138 post
2481 1066 2659 1120 divini
2689 1063 2966 1137 specimen
2996 1070 3207 1117 tentare
3236 1058 3470 1115 decoris.

2203 1157 2429 1228 Effugit,
2460 1164 2512 1211 et
2534 1164 2725 1211 tenues
2754 1154 2977 1209 exhalat
3007 1152 3195 1223 pulsus
3226 1150 3281 1205 in
3302 1166 3481 1205 auras.

2204 1246 2471 1316 Purgatus
2490 1244 2716 1316 juvenis
2748 1242 3034 1316 plaudenti
3057 1240 3305 1296 redditur
3330 1239 3489 1294 aulae.

2278 1336 2643 1392 158.Venerat
2662 1335 2753 1389 ille
2774 1333 3016 1405 quidem,
3038 1329 3385 1402 poscentibus
3401 1325 3802 1394 Armoricanis,

2204 1426 2470 1481 Pacturus
2499 1424 2718 1480 veniam
2738 1440 2926 1480 scaeva
2953 1420 2974 1449 "
3004 1438 3101 1493 pro
3135 1419 3367 1477 crimine
3394 1419 3591 1490 gentis.

2204 1516 2379 1574 Cessit
2402 1533 2488 1572 res
2516 1516 2663 1571 votis
2685 1535 2698 1584 ;
2734 1532 2864 1571 mox
2884 1515 3080 1570 annuit
3112 1513 3493 1585 induperator;

2203 1608 2449 1664 Arbitrio
2470 1608 2647 1663 Patris
2676 1616 2999 1665 constarunt
3017 1615 3035 1635 °
3060 1613 3261 1661 cuncta
3290 1604 3455 1659 beati.

2125 1726 2171 1785 B
2200 1697 2271 1751 Et
2302 1697 2553 1753 foretilla
2584 1696 2806 1768 quidem
2838 1694 3155 1750 ﬁrmissima
3177 1692 3358 1750 cautio
3385 1690 3570 1763 pacis;

2204 1786 2422 1842 Mobilis
2451 1794 2511 1855 at,
2533 1785 2725 1857 priscae
2751 1800 3040 1841 revomens
3073 1783 3326 1853 contagia
3346 1782 3557 1837 fraudis

2201 1875 2382 1945 Natio,
2416 1875 2737 1948 pestiferum
2764 1875 2927 1930 solito
2950 1873 3211 1929 meditata
3238 1872 3508 1941 duellum,

2201 1967 2346 2021 Ausa
2366 1973 2447 2021 est
2474 1968 2744 2022 Romanas
2773 1966 2832 2020 in
2863 1980 2978 2021 sese
3009 1978 3218 2019 armare
3245 1978 3483 2019 secures.

2201 2055 2314 2110 Hoc
2341 2062 2394 2109 et
2424 2053 2710 2110 Pontificis
2739 2053 2847 2109 fuit
2876 2052 3196 2109 intercessio
3226 2067 3396 2120 cassa,

2198 2145 2269 2199 Et
2296 2145 2343 2199 si
2374 2143 2505 2215 quid
2531 2143 2718 2199 feritas
2746 2142 3057 2214 praefixerat
3081 2142 3400 2214 imperialis,

2198 2238 2505 2296 Conﬂatum
2540 2237 2599 2292 in
2632 2238 2859 2293 miseros
2888 2237 3059 2292 atroci
3093 2244 3235 2292 sorte
3261 2233 3542 2306 pependit.

2272 2330 2391 2385 159.
2424 2331 2566 2384 Dum
2599 2345 2694 2400 per
2724 2324 2987 2382 miriﬁcos
3015 2326 3272 2381 Germani
3306 2325 3588 2379 volvimur
3617 2331 3793 2389 actus,

2194 2421 2339 2475 Dum
2356 2418 2514 2490 juvat
2541 2419 2783 2490 insignes
2811 2418 3022 2474 calamo
3051 2417 3266 2487 signare
3299 2415 3535 2481 labores,

2195 2508 2460 2581 Quodque
2490 2515 2570 2564 est
2597 2510 2971 2575 innumerum,
3022 2520 3252 2561 numero
3288 2502 3791 2575 comprehendere;

3434 2591 3722 2666 [tanquam

2196 2688 2411 2759 (Dicere
2440 2687 2587 2760 quod
2616 2688 2792 2744 scelus
2821 2686 2927 2759 est)
2961 2686 3039 2742 sic
3069 2700 3188 2749 rara
3214 2683 3481 2756 peregerit
3512 2684 3629 2751 ille,

2192 2778 2262 2833 Ut
2301 2780 2503 2834 nostris
2540 2778 2737 2833 merito
2768 2778 2981 2850 possint
3008 2775 3362 2832 succumbere
3393 2773 3600 2841 verbis,

2190 2869 2320 2924 Pars
2352 2886 2532 2925 rerum
2566 2870 2765 2924 melior
2793 2869 2962 2924 densa
2990 2867 3224 2939 caligine
3254 2874 3453 2939 torpet,

2188 2958 2499 3015 Perniciem
2530 2959 2745 3031 trepido
2780 2965 2926 3014 certe
2956 2958 3131 3014 latura
3160 2965 3351 3029 poetae.

2110 3087 2152 3148 Ο
2188 3046 2260 3101 Et
2288 3055 2341 3102 te
2371 3049 2653 3120 permagni
2675 3047 2986 3104 fraudatum
3020 3061 3245 3101 munere
3276 3046 3511 3113 fructus,

2183 3137 2499 3208 Questuque
2546 3145 2599 3192 et
2635 3137 2892 3209 lacrymis
2919 3136 3195 3209 quondam
3249 3134 3561 3202 causabere,
3593 3132 3784 3198 lector,

2182 3225 2240 3281 Si
2276 3243 2547 3282 summam
2581 3236 2758 3298 coepto
2781 3226 3045 3282 detrectet
3085 3241 3237 3281 musa
3265 3224 3440 3281 labori

2182 3317 2512 3389 Imposuisse
2548 3333 2769 3372 manum
2795 3335 2808 3384 ;
2842 3332 2968 3372 cum
2995 3316 3065 3372 sit
3095 3315 3212 3371 hiec
3242 3314 3313 3378 (Β
3342 3359 3354 3381 ,
3396 3312 3618 3387 quando
3674 3312 3785 3368 haec

3040 3405 3169 3479 [est)
3203 3422 3415 3461 summa
3446 3404 3676 3476 laboris,

2180 3495 2431 3564 Qualiter
2459 3497 2527 3553 ad
2549 3499 2718 3554 vitam
2743 3514 2840 3570 per
2870 3496 3063 3554 mortis
3096 3494 3292 3550 limina
3316 3495 3497 3551 victor

2178 3588 2486 3644 Germanus
2518 3587 2709 3657 subiit,
2744 3588 2958 3660 liquida
2988 3602 3305 3660 percurrere
3332 3601 3528 3641 canna.

2175 3683 2308 3737 Esto
2354 3702 2363 3738 :
2400 3684 2654 3739 funereos
2679 3683 2773 3738 sed
2804 3698 2959 3738 mens
2985 3698 3223 3754 praesaga
3251 3680 3457 3736 doloris

2177 3772 2373 3827 Horret
2403 3771 2545 3828 inire
2568 3772 2776 3828 modos.
2810 3772 2855 3828 Ο
2892 3788 2976 3826 res
3005 3771 3279 3842 condigna
3307 3767 3477 3824 taceri
3504 3770 3516 3823 !

2172 3863 2511 3935 Pugnantem
2534 3863 2750 3935 placido
2770 3861 2919 3934 juvit
2947 3862 3292 3917 committere
3313 3860 3520 3932 plectro
3543 3877 3556 3925 ;

2173 3953 2453 4011 Victorem
2483 3953 2688 4023 refugis
2716 3952 2884 4009 rutilo
2915 3967 3172 4024 pompare
3201 3950 3487 4022 triumpho
3520 3949 3549 4004 ?

2169 4046 2342 4100 Exsul
2385 4052 2567 4115 gratus
2587 4053 2737 4111 erat;
2777 4060 3007 4117 regnans
3028 4059 3138 4099 non
3169 4048 3373 4114 gratior
3394 4048 3571 4096 exstet
3602 4040 3632 4095 ἱ)

2170 4138 2360 4194 Dicere
2390 4138 2434 4191 si
2472 4135 2669 4191 metuis
2693 4134 2911 4190 mortali
2934 4149 3160 4206 corpore
3190 4134 3442 4188 functum
3469 4149 3482 4199 ;

2169 4228 2270 4283 Ast
2290 4226 2655 4281 immortalem
2686 4224 2968 4279 cumulata
2996 4223 3154 4278 laude
3186 4222 3490 4294 frequenta.

2170 4316 2311 4373 Vere
2337 4313 2687 4381 immortalis,
2726 4329 2854 4369 vere
2884 4327 2980 4384 per
3016 4313 3218 4369 saecula
3246 4311 3410 4378 vivit,

2169 4405 2344 4472 Vivit,
2375 4412 2427 4458 et
2455 4400 2734 4474 empyrias
2764 4409 2927 4473 auget
2956 4400 3244 4472 splendore
3273 4399 3551 4467 cohortes,

2167 4492 2507 4564 Conjunctus
2538 4492 2801 4559 Domino,
2827 4490 3130 4547 conformis
3150 4488 3388 4562 denique
3413 4489 3662 4558 Christo,

2161 4586 2426 4657 Quodque
2457 4586 2628 4657 magis
2666 4577 2903 4656 stupeas,
2929 4584 3121 4639 unitus
3145 4591 3199 4639 et
3230 4583 3524 4639 uniﬁcatus

2160 4672 2328 4743 Inque
2357 4676 2529 4729 Deum
2563 4672 2874 4729 transfusus
2904 4671 3091 4737 homo,
3126 4670 3408 4742 factusque
3439 4674 3625 4738 θέωσις

2234 4753 2351 4807 160.
2386 4753 2636 4809 Solverat
2666 4751 2989 4821 umbrivaga
3022 4766 3225 4805 mersas
3262 4749 3494 4820 caligine
3520 4756 3701 4805 terras

2159 4847 2425 4919 Φωσφόρος
2453 4840 2492 4909 ⁸,
2518 4842 2819 4911 ingenuum
2849 4839 3010 4895 rebus
3030 4855 3278 4911 reparare
3304 4839 3542 4895 colorem

2157 4920 2388 4988 Gnarus,
2421 4929 2474 4976 et
2512 4922 2792 4994 ignigenas
2817 4922 2957 4979 ccelo
2983 4922 3286 4977 subducere
3315 4919 3498 4975 stellas
3535 4935 3547 4973 :

2156 5007 2565 5083 Germanusque
2597 5020 2767 5083 pater,
2809 5012 3045 5067 solemni
3080 5010 3239 5065 laude
3265 5017 3504 5082 peracta,

2153 5095 2283 5162 Quze
2313 5100 2613 5155 matutinos
2642 5108 2858 5157 exercet
2886 5101 3127 5157 carmine
3155 5115 3396 5165 somnos,

2152 5187 2339 5245 Mutua
2370 5190 2697 5261 praesulibus
2729 5191 2797 5247 de
2826 5192 3113 5262 relligione
3142 5189 3316 5246 beatis

2151 5277 2331 5335 Verba
2355 5278 2516 5334 dabat
2540 5298 2552 5347 ;
2584 5278 2763 5335 nitido
2793 5279 2985 5335 doctor
3014 5278 3355 5334 clarissimus
3382 5291 3501 5331 ore.

2148 5368 2390 5424 Auribus
2415 5368 2711 5441 explicitis,
2745 5369 2994 5426 collectis
3013 5366 3284 5436 sensibus,
3327 5379 3521 5421 omnes

2218 5514 2235 5534 ‘
2255 5506 2358 5561 Pro
2386 5506 2744 5566 constiterunt.

2219 5576 2240 5605 "
2267 5575 2494 5649 Lucifer.
