4074 6186
307 292 438 369 1201

302 443 569 502 Indebant
605 443 791 499 animo
816 443 1002 501 felicia
1040 444 1188 502 dicta
1224 463 1431 520 capacr.

301 534 464 603 Quid,
496 534 727 591 facunde
756 536 931 605 Pater,
970 538 1101 610 quid
1132 555 1227 609 per
1255 537 1472 594 diversa
1512 542 1739 596 moraris
1758 543 1787 597 ?

298 624 418 693 Dic,
448 625 593 695 quod
626 624 920 682 dicendum
947 646 961 695 ;
991 644 1299 701 quanquam
1334 630 1407 686 sit
1435 630 1615 686 dicere
1643 629 1819 699 triste,

299 715 494 781 Triste,
518 716 727 785 minax,
751 720 1065 790 querulum,
1088 719 1462 791 lacrymabile,
1496 722 1890 794 prodigiosum,

297 804 557 873 Tandem,
585 806 773 863 dilecti
805 807 1077 863 Germano
1111 808 1314 864 ftedere
1346 810 1560 879 fratres,

294 892 542 965 Accipite
570 893 705 961 haec,
748 902 803 949 et
841 911 956 950 rem
986 895 1207 968 penitus
1244 898 1484 969 deﬁgite,
1526 900 1708 959 dixit:

295 981 572 1050 Viximus,
606 991 660 1038 et
680 983 861 1055 jussas
891 987 994 1042 aevi
1033 988 1377 1045 decurrimus
1405 980 1563 1059 oras;

290 1071 467 1140 Nunc,
499 1073 628 1146 quia
656 1083 802 1131 certa
833 1086 1012 1132 manet
1043 1078 1225 1148 generi
1257 1081 1527 1136 sententia
1567 1091 1776 1150 nostro,

290 1160 527 1234 Quaeque
555 1172 736 1219 creata
776 1164 984 1236 vigent,
1024 1165 1290 1223 labefacta
1329 1185 1606 1226 senescere
1649 1182 1885 1243 constat,

290 1248 406 1305 Jam
433 1266 687 1323 suprema
715 1260 948 1320 vocant;
981 1264 1162 1324 vocat,
1198 1256 1444 1330 inquam,
1484 1260 1772 1328 Christus;

1357 1348 1626 1421 [eundum
1657 1362 1738 1410 est
1761 1374 1772 1411 :

287 1429 438 1485 Solvi
468 1432 591 1487 vult
620 1432 840 1491 animus
873 1438 1073 1507 poenali
1102 1454 1317 1495 carcere
1345 1447 1566 1511 trusus;

285 1518 510 1593 Jamque
542 1538 755 1579 memor
779 1527 1010 1595 generis,
1043 1528 1294 1600 contagia
1320 1531 1473 1601 pigra
1502 1542 1736 1603 recusat,

286 1609 484 1665 JEthra
513 1610 689 1668 libens
718 1614 935 1686 repetit,
966 1617 1061 1688 qui
1109 1618 1327 1687 germen
1361 1619 1428 1673 ab
1456 1621 1659 1677 aethere
1689 1625 1875 1682 traxit.

283 1698 428 1772 Ergo
453 1702 810 1759 resolvendus
830 1704 1207 1781 Superumque
1226 1707 1295 1763 ad
1319 1710 1505 1766 lumen
1536 1712 1654 1783 (B.,
1682 1714 1875 1786 limen)

1534 1801 1737 1876 [iturus

276 1880 383 1948 Me,
415 1880 691 1956 ﬁnemque
720 1902 905 1943 meum
934 1886 1095 1943 vobis
1130 1889 1480 1946 committere
1508 1906 1664 1950 curo.

350 1970 469 2027 161.
511 1972 681 2030 Nocte
710 1974 929 2048 quidem
962 1976 1241 2049 placidum
1289 1994 1538 2051 caperem
1579 1999 1704 2039 cum
1738 1985 1877 2043 forte

1436 2069 1451 2079 ’
1468 2068 1765 2143 [soporem,

264 2148 401 2205 Visa
428 2149 568 2206 mihi
587 2150 774 2219 facies,
806 2154 1050 2223 generosi
1080 2155 1327 2211 numinis
1356 2156 1549 2226 instar,

258 2242 432 2297 Fassa
457 2240 666 2307 Deum;
692 2256 793 2296 nec
812 2258 924 2295 vox
950 2240 1232 2298 hominem
1252 2260 1353 2300 nec
1381 2247 1549 2302 verba
1563 2248 1867 2313 sonabant;

257 2329 520 2388 Christus
549 2336 684 2397 erat,
716 2329 855 2385 solet
881 2329 975 2384 ille
997 2347 1124 2385 suos
1149 2330 1253 2388 hac
1280 2331 1460 2389 visere
1489 2335 1688 2391 forma.

254 2417 611 2490 Admotaque
644 2418 783 2473 mihi
812 2417 1017 2473 blando
1046 2420 1335 2475 conamine
1364 2421 1578 2492 dextra,

254 2505 484 2575 Arrisit,
518 2508 795 2580 rutiloque
824 2507 939 2564 haec
966 2508 1192 2579 insuper
1231 2510 1445 2565 addidit
1473 2528 1567 2568 ore
1592 2532 1604 2569 :

252 2594 414 2664 Care,
448 2596 765 2668 peregrinas
796 2596 963 2653 itiner
990 2597 1278 2653 subiturus
1309 2597 1367 2653 in
1398 2617 1540 2670 oras,

160 2729 169 2735 .
250 2684 467 2757 Excipe
495 2687 792 2748 caelestem,
826 2687 1044 2757 provisa
1072 2685 1295 2755 viatica,
1324 2688 1544 2760 stipem,

249 2774 589 2846 Adjumenta
616 2775 741 2831 viae.
774 2776 889 2831 Tali
922 2785 1040 2832 tum
1069 2777 1273 2832 famine
1305 2788 1508 2849 motus,

247 2862 573 2931 Quaerebam
602 2881 929 2938 causamque
960 2866 1084 2935 viae,
1128 2883 1457 2941 causamque
1488 2870 1709 2927 laboris.

244 2957 393 3024 Non,
425 2956 629 3029 inquit,
660 2966 906 3014 metuas:
933 2959 1161 3030 patriam
1184 2963 1458 3018 revocaris
1489 2963 1547 3017 in
1566 2965 1734 3019 altam
1761 2982 1775 3033 ;

242 3045 315 3102 Et
345 3046 525 3103 civem
553 3047 825 3120 egregium
846 3046 960 3119 jam
980 3047 1205 3121 jamque
1223 3051 1461 3122 reposcit
1486 3053 1777 3124 Olympus,

242 3135 367 3203 Quo
395 3153 526 3192 mox
554 3146 868 3210 perpetuam
892 3138 1071 3210 capies
1097 3139 1213 3195 sine
1244 3139 1353 3195 ﬁne
1383 3141 1619 3212 quietem
1650 3160 1664 3209 ;

239 3224 365 3293 Quo
394 3225 512 3281 sine
540 3233 699 3282 nocte
726 3226 864 3293 dies,
897 3228 1015 3283 sine
1036 3236 1279 3299 tempore
1303 3236 1547 3300 tempora
1576 3238 1835 3287 currunt:

238 3316 311 3372 Et
340 3332 467 3388 pax,
501 3324 554 3373 et
584 3317 758 3389 quies,
791 3324 845 3372 et
874 3317 992 3385 lux,
1027 3326 1079 3373 et
1107 3318 1279 3389 gloria
1308 3334 1519 3389 perpes.

236 3411 419 3481 Dixit,
449 3419 503 3467 et
532 3412 789 3468 aathereas
817 3430 932 3469 sese
968 3414 1195 3468 libravit
1222 3414 1281 3465 in
1311 3428 1490 3467 auras.

234 3499 329 3558 Sic
356 3501 515 3557 Pater
543 3501 786 3556 occidua:
816 3500 978 3552 sortis
1007 3515 1262 3568 suprema
1290 3500 1537 3554 canebat.

232 3590 530 3646 Pontiﬁces
557 3587 667 3641 alio
698 3586 877 3640 somni
908 3593 1159 3655 portenta
1198 3586 1509 3655 trahebant,

228 3679 468 3738 Credere
498 3692 598 3731 nec
627 3680 901 3746 poterant,
934 3675 1249 3746 contingere
1292 3676 1439 3748 quod
1475 3676 1826 3735 metuebant:

227 3766 541 3824 Sustulerat
568 3765 735 3820 timor
760 3763 873 3835 ipse
905 3762 1089 3819 ﬁdem.
1122 3763 1226 3819 Sed
1258 3765 1454 3837 praesul
1491 3766 1721 3823 anhelus

225 3859 292 3915 In
321 3856 510 3931 patria
541 3872 780 3912 remeare
808 3857 1014 3924 sinum,
1046 3857 1347 3911 studiosius
1376 3857 1543 3913 instat

224 3945 501 4004 Omnibus
525 3946 759 4001 extremi
791 3961 1010 3999 causam
1038 3944 1299 4000 mandare
1327 3944 1437 4000 diei
1462 3964 1476 4011 ;

222 4036 321 4092 Sat
345 4033 451 4091 sibi
481 4041 846 4106 compertum,
878 4041 959 4089 sat
988 4049 1044 4089 se
1074 4049 1393 4106 pernoscere
1416 4033 1626 4102 dicens,

221 4125 399 4193 Quam
435 4124 668 4197 patriam
697 4124 920 4179 famulis
948 4124 1221 4194 Regnator
1250 4122 1517 4196 spondeat
1541 4123 1712 4180 orbis.

844 4229 1070 4287 CAPUT
1106 4231 1202 4286 III.

221 4321 403 4378 Sancti
444 4318 692 4385 morbus;
752 4318 970 4395 obitas;
1013 4320 1248 4395 gloria,“
1273 4320 1589 4387 hcereditas;
1630 4321 1814 4395 funus,

710 4392 989 4445 translatio
1016 4391 1072 4443 in
1103 4391 1329 4447 Gallias.

293 4491 415 4548 162.
443 4491 556 4549 Vix
595 4491 737 4547 soles
766 4490 995 4561 aliquot,
1026 4489 1203 4560 spatio
1239 4489 1486 4560 cedente,
1527 4502 1806 4561 mearant;

214 4583 566 4655 Eﬁ'ectusque
595 4584 739 4638 celer
767 4582 1014 4654 sequitur
1042 4584 1301 4655 praesagia
1326 4584 1469 4641 vatis
1493 4603 1504 4640 :

215 4674 531 4744 Carpuntur
557 4672 708 4728 facili
737 4672 1083 4727 sanctissima
1112 4672 1355 4727 membra
1381 4673 1568 4730 dolore
1591 4693 1605 4742 ;

213 4761 435 4817 Invadit
463 4768 656 4816 tenues
686 4761 983 4832 penetralis
1012 4758 1231 4815 ﬂamma
1254 4760 1556 4831 medullas;

210 4851 441 4922 Jamque
468 4850 630 4923 pedes
658 4856 898 4922 torpent,
919 4848 1034 4920 jam
1062 4858 1260 4905 nutant
1288 4852 1477 4908 mollia
1517 4870 1696 4923 crura,

209 4940 521 5011 Elanguent
550 4938 696 4994 oculi
725 4937 1057 4993 moribundo
1084 4938 1142 4993 in
1173 4956 1399 5012 corpore
1429 4941 1560 4998 sicci
1583 4961 1597 5011 ;

209 5028 422 5086 Cuncta
451 5028 670 5094 labant;
702 5042 856 5083 mens
880 5027 996 5081 sola
1014 5028 1189 5083 Deum
1219 5030 1503 5101 caruitque
1528 5031 1799 5104 capitque.

282 5117 402 5173 163.
445 5120 564 5186 Ast,
597 5116 691 5171 ubi
714 5131 1002 5188 progressu
1023 5117 1189 5187 cmpit
1217 5118 1534 5173 crudescere
1557 5121 1798 5189 morbus,

205 5208 347 5264 Urbs
373 5207 646 5281 trepidare
675 5215 846 5275 metu,
882 5207 1140 5279 luctuque
1171 5206 1462 5263 incendere
1489 5210 1690 5265 coelum
1715 5230 1726 5267 :

204 5301 325 5356 Heu
351 5316 468 5356 sors
499 5297 789 5370 terrigenis
818 5296 952 5353 olim
982 5296 1217 5353 conﬂata
1241 5297 1452 5353 colonis
1477 5299 1487 5354 t

203 5390 438 5448 Cernere
466 5388 566 5444 vix
595 5387 782 5454 licuit;
809 5385 923 5458 jam
957 5404 1074 5456 nos,
1106 5387 1264 5444 Pater
1293 5390 1519 5462 optime,
1549 5391 1801 5464 linquis?

200 5481 312 5538 Nec
338 5479 546 5554 patitur
574 5477 828 5536 Christus
853 5476 1079 5533 charum
1111 5494 1207 5550 per
1245 5480 1401 5538 saecla
1438 5482 1695 5539 clientem

270 5594 288 5614 ⁸
339 5586 526 5649 Coieis,
554 5583 610 5639 id
639 5591 723 5638 est
751 5581 989 5639 terrenis.
1020 5586 1127 5642 Not
1158 5604 1285 5644 mss.
1318 5588 1422 5646 Sed
1448 5587 1798 5647 scribendum

202 5659 414 5724 choicis,
447 5673 476 5711 a
506 5658 694 5713 Graeco
725 5660 923 5734 χοικός,
961 5666 1215 5715 terrenus.

1353 296 1450 353 DE
1488 297 1657 354 VITA
1694 298 1749 355 S.
1791 299 2135 360 GERMANI.
2174 333 2245 345 -—
2280 302 2419 363 LIB.
2462 306 2556 364 VI.

3464 302 3607 387 1202,

1920 455 1973 513 Α
2002 452 2101 509 Vel
2132 461 2385 527 torquere
2410 455 2527 526 diu,
2560 465 2784 529 partove
2810 458 3072 517 absistere
3102 475 3289 533 regno,

2003 543 2329 616 Martyrium
2360 547 2450 604 cui
2481 547 2596 603 vita
2624 549 2769 617 fuit;
2801 550 2935 625 quin
2966 551 3109 606 mole
3136 550 3390 607 laborum

2002 633 2286 689 Defessum
2318 634 2490 691 nimia
2518 644 2600 691 ter
2627 638 2797 697 denos
2825 639 3047 697 circiter
3077 656 3273 710 annos,

2002 724 2208 780 Invitat
2237 740 2458 794 superas
2490 731 2673 782 rerum
2704 729 3015 786 moderator
3046 731 3103 787 in
3136 747 3308 788 arces.

2075 813 2196 870 164.
2229 813 2503 886 Augustas
2534 817 2694 886 inter,
2729 834 2864 889 quas
2893 836 3133 895 unquam
3158 818 3393 895 protulit
3423 818 3594 892 orbis,

2002 903 2166 958 Fastu
2195 904 2431 974 seposito
2462 904 2598 961 felix
2628 906 2870 962 Placidia
2900 908 3055 978 regni

2001 990 2205 1047 Visitat
2234 992 2538 1063 inﬁrmum,
2572 994 2802 1062 refovet,
2834 996 3241 1068 complectitur,
3272 997 3484 1067 ambit;

1998 1082 2170 1138 Docta
2197 1089 2360 1153 caput
2387 1082 2627 1153 rigidum
2661 1083 2808 1139 divis
2839 1085 3163 1142 submittere
3187 1085 3377 1159 jussis,

1998 1170 2267 1242 Suggerit,
2298 1169 2495 1237 edicat,
2529 1172 2573 1226 si
2612 1172 2745 1244 quid
2777 1189 2933 1228 mens
2963 1175 3130 1229 anxia
3158 1183 3339 1247 captat
3365 1192 3377 1229 :

1995 1258 2106 1314 Nec
2136 1276 2288 1314 mora
2316 1260 2631 1332 praestandi,
2665 1262 2723 1315 ni
2754 1261 2899 1317 desit
2928 1280 3059 1320 cura
3087 1265 3328 1335 petendi.

1993 1349 2124 1407 Mox
2166 1349 2343 1406 Patris
2373 1348 2463 1424 [Β.
2500 1350 2674 1406 Patris
2721 1350 2876 1425 mox]
2928 1353 3176 1409 animum
3224 1353 3414 1426 patriae
3460 1370 3595 1427 per—

2881 1440 3137 1515 [strinxit
3175 1443 3378 1513 imago,

1990 1527 2314 1600 Digrediens
2340 1537 2590 1590 mcestam
2622 1531 2812 1588 Pastor
2835 1548 2996 1604 quam
3024 1532 3261 1604 liquerat
3290 1532 3446 1601 olim,

1989 1620 2135 1676 Dum
2161 1638 2217 1677 se
2247 1622 2503 1677 fraternis
2534 1622 2746 1678 mavult
2772 1622 3089 1693 impendere
3119 1623 3298 1678 causis
3332 1642 3344 1690 ;

1987 1708 2180 1765 Nescia
2201 1727 2319 1784 quae
2350 1728 2554 1779 rerum,
2582 1712 2853 1785 sortisque
2879 1712 3067 1783 ignara
3094 1712 3315 1782 futurae,

1988 1797 2244 1854 Preesulis
2272 1800 2341 1854 ad
2372 1800 2610 1855 reditum
2640 1808 2770 1856 voto
2800 1799 3067 1872 pendebat
3097 1800 3317 1857 inermi.

2066 1887 2186 1943 165.
2221 1889 2366 1955 Quid
2400 1895 2481 1956 tu,
2511 1889 2645 1961 quid
2674 1888 2915 1959 gravidis
2944 1905 3135 1944 oneras
3157 1888 3398 1945 cmlestia
3418 1888 3582 1955 votis,

1990 1974 2035 2031 Ο
2066 1976 2236 2047 plebs,
2281 1994 2314 2032 o
2345 1977 2519 2048 patria
2540 1976 2568 2031 ?
2597 1977 2743 2042 Quid
2771 1977 2951 2033 adhuc
2978 1994 3100 2048 spes
3130 1978 3307 2048 pascis
3332 1977 3535 2034 inertes
3555 1977 3585 2034 ?

1987 2065 2119 2119 Fata
2146 2071 2340 2136 parant
2366 2065 2535 2127 aliud,
2569 2081 2670 2120 nec
2695 2081 2874 2120 rerum
2908 2066 3182 2121 maximus
3213 2067 3421 2122 Auctor

1985 2153 2098 2207 Hac
2126 2152 2247 2207 vice
2273 2152 2625 2224 prosequitur
2652 2153 2812 2208 solita
2839 2153 3041 2225 pietate
3071 2155 3341 2209 volentes.

1983 2238 2140 2305 Quod
2168 2246 2408 2309 praestat,
2443 2240 2697 2310 quodque
2723 2248 2803 2295 est
2825 2242 3018 2308 satius,
3053 2241 3432 2312 praeponderat
3458 2241 3573 2296 ille.

1983 2325 2218 2396 Tempus
2248 2325 2419 2392 adest,
2452 2326 2709 2380 meritum
2734 2326 2912 2397 capiat
2942 2327 3061 2382 sine
3090 2328 3199 2382 ﬁne
3229 2328 3572 2400 triumphum

1981 2419 2306 2488 Germanus,
2340 2419 2540 2492 liquidi
2572 2419 2836 2476 scandens
2868 2421 3137 2492 Capitolia
3170 2422 3333 2486 creti;

1977 2511 2087 2566 Nec
2115 2510 2518 2576 circumscribi,
2548 2509 2879 2565 brevibusve
2908 2510 3147 2566 insidere
3178 2510 3351 2565 muris
3466 2541 3492 2555 -

1914 2651 1923 2657 .
1975 2599 2221 2657 Candida
2258 2615 2455 2673 pompa
2482 2599 2616 2683 sinit
2641 2618 2653 2666 ;
2688 2599 2870 2655 Latias
2899 2615 3051 2671 mage
3081 2600 3200 2655 fusa
3230 2616 3323 2671 per
3342 2616 3465 2656 oras

1971 2691 2149 2747 Edere
2179 2690 2489 2762 quadriﬁdo
2520 2690 2717 2763 quaerit
2745 2690 3055 2761 spectacula
3083 2688 3311 2746 mundo.

1969 2778 2306 2851 Spectabunt
2330 2779 2425 2834 alii
2452 2798 2465 2847 ;
2499 2785 2740 2850 spectato
2773 2786 2829 2834 tu
2860 2779 3069 2849 potiere
3094 2798 3107 2845 ;

1970 2874 2038 2929 Et
2064 2872 2270 2945 gremio
2301 2874 2498 2945 capies,
2528 2880 2581 2928 et
2607 2872 2762 2928 molli
2789 2872 2983 2927 fronde
3011 2871 3243 2928 fovebis.

1964 2962 2084 3016 Non
2111 2969 2240 3017 tuus
2269 2970 2349 3017 est
2378 2962 2541 3033 prisci
2571 2961 2767 3033 praesul
2796 2960 3001 3016 oblitus
3031 2961 3234 3016 amoris
3257 2978 3271 3029 ;

1962 3049 2371 3121 Defunctusque
2400 3050 2579 3115 docet,
2608 3057 2873 3121 quantum
2903 3058 2956 3105 te
2985 3050 3149 3104 vivus
3174 3051 3369 3107 amarit
3394 3066 3406 3105 :

1879 3180 1922 3239 Ο
1961 3140 2033 3195 Te
2063 3141 2294 3212 repetit;
2325 3140 2574 3210 repetita,
2605 3138 2761 3192 dabis
2791 3138 2880 3209 pia
2908 3137 3074 3193 thura
3101 3141 3335 3208 sepulto.

1953 3232 2067 3287 Hoc
2097 3231 2329 3302 speciale
2359 3230 2581 3300 quidem
2613 3228 2853 3299 reginam
2886 3243 3105 3298 poscere
3136 3244 3336 3284 munus

1950 3320 2233 3385 Instituit;
2269 3335 2547 3391 nunquam
2582 3318 2678 3373 illa
2707 3317 2879 3389 magis
2907 3317 3084 3373 invita
3111 3318 3317 3389 petenti

1950 3406 2230 3464 Concessit
2262 3426 2274 3473 ;
2310 3406 2606 3478 sensitque,
2639 3406 2759 3460 viro
2788 3420 2900 3460 non
2939 3421 3053 3460 esse
3084 3406 3412 3477 negandum,

1948 3495 2106 3563 Quod
2133 3512 2289 3551 secus
2311 3511 2373 3551 ac
2398 3496 2583 3561 vellet,
2615 3510 2895 3566 nunquam
2923 3494 3242 3565 contingere
3275 3494 3463 3567 possit.

1947 3588 2050 3642 Ter
2091 3585 2372 3641 benedicte
2421 3585 2596 3652 Pater,
2633 3591 2714 3638 ter
2742 3582 3051 3654 splendide,
3094 3590 3179 3638 ter
3205 3583 3531 3652 venerande,

1944 3676 2274 3748 Omnigenas
2298 3673 2401 3729 tibi
2436 3682 2558 3746 post
2591 3672 2874 3729 Christum
2903 3671 3265 3744 dependimus
3295 3672 3426 3728 edas

1941 3766 2085 3820 Grex
2115 3764 2455 3836 populusque
2484 3769 2633 3828 tuus,
2664 3761 2755 3816 cui
2785 3761 2995 3817 viscera
3024 3768 3106 3817 tot
3136 3760 3372 3833 pietatis,

1939 3854 2148 3910 Gaudia
2172 3860 2253 3909 tot
2288 3852 2506 3918 mentis,
2535 3867 2657 3924 spes
2684 3857 2884 3915 tantas,
2914 3849 3202 3906 commoda
3230 3857 3402 3917 tanta,

1935 3943 2007 3997 Te
2036 3943 2313 4012 redeunte,
2344 3943 2511 3998 refers
2536 3961 2549 4009 ;
2576 3958 2701 3998 cum
2728 3928 2835 4013 quo
2865 3946 2995 3995 sunt
3018 3938 3203 3994 omnia
3223 3938 3414 3994 dextra
3438 3957 3450 4006 ;

1932 4030 2052 4096 Quo
2088 4032 2205 4085 sine
2230 4034 2384 4085 nulla
2414 4031 2630 4098 forent;
2665 4029 2721 4085 ni
2748 4030 2968 4098 frivola,
3001 4045 3160 4098 czeca,
3191 4029 3434 4084 sinistra.

2005 4117 2125 4171 166.
2168 4118 2311 4182 Quid
2344 4118 2571 4171 referam
2604 4118 2758 4171 Latio
2790 4119 3019 4187 populos
3046 4133 3115 4170 ex
3146 4117 3276 4171 orbe
3304 4122 3524 4171 ruentes

1929 4206 2050 4273 Quo
2100 4206 2319 4276 languet
2349 4206 2593 4260 medicus
2613 4209 2641 4261 i’
2676 4206 2852 4259 Ardor
2880 4214 3061 4259 manet
3090 4208 3345 4261 omnibus
3376 4209 3520 4263 idem

1928 4296 2140 4363 Visere,
2168 4301 2222 4350 et
2255 4293 2532 4366 obsequiis
2561 4293 2758 4348 Sancto
2786 4280 3111 4348 concurrere
3138 4294 3322 4361 dignis
3345 4310 3355 4344 :

1927 4384 1998 4439 Et
2029 4383 2258 4449 faciunt,
2289 4389 2351 4437 ut
2381 4382 2610 4454 quisque
2630 4386 2825 4451 potest,
2859 4387 2921 4435 ut
2951 4378 3190 4450 postulat
3217 4377 3351 4432 ordo
3378 4379 3413 4446 :’,

1926 4475 2100 4531 Omne
2128 4473 2312 4529 choris
2345 4480 2558 4544 tempus
2586 4472 2945 4543 psallentibus
2970 4469 3369 4525 immodulatur
3394 4487 3406 4535 ;

1795 4539 1807 4562 ’
1844 4535 1891 4592 D
1921 4567 2024 4623 Pro
2046 4565 2305 4638 lacrymis
2333 4535 2539 4631 laudes,
2561 4535 2659 4636 pro
2686 4564 2837 4619 luctu
2863 4571 3117 4635 personat
3142 4562 3404 4635 hymnus,

1919 4655 2164 4710 Invitans
2195 4654 2425 4725 Superas
2456 4652 2632 4707 Patris
2660 4651 2727 4706 ad
2754 4668 3005 4723 suprema
3035 4650 3308 4707 cohortes.

1993 4744 2113 4799 167.
2154 4743 2431 4814 Septimus
2458 4740 2667 4795 amarat
2694 4740 2885 4812 rapido
2916 4739 3191 4797 terrestria
3220 4755 3386 4795 curru

1920 4830 2176 4899 Phoebus,
2210 4832 2276 4886 ab
2308 4829 2554 4887 occiduis
2584 4845 2831 4885 remeans
2860 4828 3131 4884 illustrior
3164 4826 3361 4883 undis:

1918 4919 2154 4990 Spiritus
2175 4928 2227 4974 at
2256 4919 2424 4975 coicis
2444 4920 2464 4944 ³
2486 4918 2685 4973 ardens
2711 4932 2983 4987 emergere
3016 4917 3257 4985 vinclis,-

1917 5008 2152 5077 Emicat,
2185 5015 2237 5061 et
2259 5007 2495 5079 liquidas
2527 5005 2665 5061 liber
2693 5005 3020 5061 transfertur
3047 5004 3103 5058 in
3133 5019 3312 5070 auras,

1922 5096 2282 5167 Hymnizante
2318 5096 2443 5168 polo
2475 5096 2771 5168 laetumque
2800 5094 3067 5165 alalagma
3087 5090 3109 5123 δ
3131 5097 3361 5146 canente
3387 5105 3397 5141 :

1916 5186 2210 5259 Sepserunt
2242 5186 2470 5241 comites
2499 5186 2639 5240 miro
2673 5184 2962 5256 splendore
2991 5180 3247 5252 Superni,

1916 5275 2308 5349 Victoremque
2339 5274 2523 5330 ferunt
2552 5282 2701 5329 trans
2733 5272 2891 5344 ignea
2920 5270 3098 5326 sidera
3128 5269 3335 5336 laetum,

1915 5365 1986 5420 Et
2015 5365 2217 5420 sistunt
2246 5366 2384 5421 solio
2415 5363 2617 5420 summi
2643 5378 2739 5434 per
2766 5361 2964 5417 saecula
2994 5357 3149 5430 regis.

1991 5453 2110 5509 168.
2150 5453 2381 5510 Miratur
2409 5452 2612 5524 placidi
2641 5449 2902 5506 sublimia
2921 5447 3166 5504 culmina
3194 5446 3369 5519 regni,

1986 5573 2009 5607 δ
2047 5563 2357 5634 Alalagma,
2391 5562 2449 5619 id
2473 5569 2553 5618 est
2573 5563 2826 5631 hymnum
2846 5557 3097 5615 victorian
3123 5556 3247 5614 Not.
3272 5572 3403 5614 mss.
3422 5555 3505 5615 Ab

1914 5653 2182 5731 ἀλκὶεὲζω,
2205 5646 2401 5719 jubilo,
2427 5652 2651 5708 exsulto.
