4066 6190
434 325 572 386 1²03

431 483 686 555 Ignotum
715 485 862 536 certe
889 478 1077 536 lumen
1109 475 1342 532 miratur
1369 474 1593 548 Olympi
1619 494 1632 543 ;

432 573 505 629 Et
528 571 642 644 jam
671 569 774 628 sub
802 569 1033 644 pedibus
1062 568 1238 623 nubes
1267 575 1320 622 et
1347 565 1527 621 sidera
1558 565 1770 632 cernit;

433 663 722 735 Despectat
750 659 888 716 rosei
921 657 1212 713 candentia
1253 655 1464 712 lumina
1491 655 1659 722 solis;

434 755 725 826 Despectat
754 750 945 824 gelidae
976 747 1217 804 rorantia
1246 745 1424 803 sidera
1454 746 1619 814 lunae,

434 845 506 900 Et
535 857 874 917 quaecunque
905 855 1072 912 vagos
1103 845 1322 894 exercet
1352 835 1510 892 stella
1540 850 1813 902 recursus,

436 933 672 990 Telluris
703 932 925 998 molem,
957 929 1427 1000 circumfusasque
1465 925 1735 992 tenebras,

434 1022 735 1078 Pneumata
765 1027 1078 1086 ventorum,
1121 1023 1615 1089 tempestatumque
1645 1023 1916 1070 tumorem
1942 1031 1952 1070 :

438 1111 549 1168 Cur
576 1127 673 1166 ver
701 1109 1084 1182 tranquillum,
1109 1123 1208 1163 cur
1239 1104 1446 1162 torrida
1473 1105 1694 1176 prodeat
1725 1110 1880 1159 aestas
1907 1122 1920 1170 ;

436 1203 753 1258 Autumnus
779 1201 903 1257 uvis
934 1201 1188 1265 fostetur;
1226 1197 1420 1253 bruma
1449 1197 1694 1269 pruinis:

438 1293 509 1347 Et
533 1289 806 1365 quidquid
834 1288 1025 1344 mundi
1057 1287 1236 1344 volvit
1265 1293 1536 1342 structura
1567 1285 1860 1359 triquadri,

439 1381 510 1436 Et
539 1379 808 1454 quidquid
846 1377 1092 1452 physicis
1124 1376 1418 1450 perhibent
1446 1373 1801 1431 succumbere
1831 1371 2030 1438 causis;

440 1471 496 1527 Si
528 1488 634 1544 qua
663 1471 850 1543 vigent
879 1469 1145 1537 numeris,
1181 1466 1472 1534 mensuris,
1507 1465 1914 1538 ponderibusve
1947 1481 1960 1528 ;

437 1563 496 1618 Si
529 1578 636 1634 qua
666 1563 858 1629 latent,
889 1567 945 1615 et
973 1559 1017 1616 si
1047 1576 1153 1632 qua
1182 1565 1375 1630 patent
1405 1557 1461 1612 in
1489 1555 1712 1612 cardine
1736 1570 1943 1621 rerum,

440 1651 584 1706 Puro
610 1657 937 1707 cunctorum
967 1648 1279 1720 speculatur
1313 1646 1516 1703 lumine
1547 1659 1767 1700 causam
1793 1659 1804 1698 :

441 1738 642 1794 Omnia
670 1755 726 1794 se
755 1738 962 1806 subter,
995 1736 1278 1794 Christum
1310 1752 1472 1808 super
1501 1733 1688 1789 omnia
1715 1732 1911 1790 cernit.

441 1829 603 1886 Itidet
633 1831 768 1904 quin
799 1831 965 1887 etiam
996 1847 1223 1902 pompas
1248 1836 1302 1884 et
1334 1828 1580 1884 culmina
1609 1827 1776 1894 saecli,

442 1921 611 1991 Reges
640 1920 963 1998 horrendos,
998 1919 1328 1986 diademata,
1360 1926 1594 1987 sceptra,
1628 1925 1917 1988 tyrannos,

442 2015 513 2069 Et
544 2014 718 2068 multo
749 2029 902 2082 gazas
932 2013 1199 2066 scelerum
1237 2012 1451 2064 fervore
1481 2011 1695 2079 petitas,

442 2100 635 2154 Illusas
665 2115 798 2152 auro
829 2097 984 2151 tenui
1017 2098 1340 2152 discrimine
1371 2105 1568 2163 vestes,

443 2200 512 2254 Et
542 2195 813 2271 quidquid
845 2193 1124 2249 mundana
1156 2201 1334 2264 potest
1364 2194 1578 2248 variare
1608 2191 1856 2265 supellex
1883 2210 1896 2260 ;

448 2285 607 2344 Ridet
637 2293 896 2357 praeterea
917 2299 1071 2337 vanas
1085 2287 1380 2343 κακοπάοια
1414 2296 1432 2318 ³·
1467 2283 1684 2349 mentis,

443 2382 674 2450 Gaudia,
706 2382 934 2454 spesque
963 2397 1153 2449 novas,
1185 2379 1315 2448 iras,
1341 2388 1596 2452 atrosque
1625 2379 1873 2444 timores,

444 2472 845 2543 Fumiﬁcasque
875 2471 1044 2546 faces,
1070 2471 1266 2526 solitus
1299 2487 1435 2544 quas
1465 2486 1714 2543 spargere
1749 2469 1930 2524 livor:

444 2563 679 2618 Proterit
708 2561 824 2616 haec
856 2562 1109 2632 pedibus,
1132 2561 1250 2617 haec
1280 2561 1460 2616 victor
1487 2561 1727 2632 denique
1756 2559 1966 2624 calcat;

443 2651 589 2717 Quin
619 2658 672 2705 et
700 2649 965 2723 pestiferi,
999 2651 1258 2723 subigens
1289 2665 1517 2717 venena,
1551 2647 1803 2704 draconis

446 2739 695 2797 Conterit
724 2739 819 2794 ille
849 2749 1031 2812 caput,
1059 2739 1360 2812 cristasque
1391 2747 1442 2794 et
1472 2738 1633 2794 sibila
1661 2737 1804 2794 colla

445 2827 716 2900 Deprimit
750 2847 760 2882 :
796 2827 889 2882 ille
911 2827 1076 2898 jacet,
1110 2845 1220 2883 non
1251 2845 1415 2884 ausus
1444 2829 1636 2884 tollere
1665 2834 1875 2883 contra.

521 2916 641 2973 169.
684 2917 896 2970 Interea
942 2915 1197 2971 Christus
1242 2916 1451 2987 triplici
1497 2925 1660 2988 caput
1699 2917 1814 2988 ipse
1842 2931 2045 2972 corona

449 3005 669 3078 Cingit:
705 3021 825 3078 quea
873 3005 1050 3076 prima
1096 3011 1198 3072 est,
1248 3013 1332 3061 ter
1372 3005 1514 3060 deno
1552 3005 1765 3077 jaspide
1808 3013 2039 3074 vernat;

449 3095 707 3152 Proxima
718 3111 837 3170 quin
863 3095 1058 3168 surgit,
1077 3102 1184 3150 stat
1198 3094 1377 3151 sexies
1403 3103 1524 3150 acta
1547 3096 1638 3162 (B.
1665 3094 1750 3149 bis
1771 3102 1853 3149 ter
1875 3094 2039 3166 facta)

1522 3182 1866 3259 [decemplex
1888 3202 1901 3253 ;

450 3319 633 3378 Tertia
663 3327 895 3378 centeno
915 3321 1106 3378 rutilat
1137 3319 1505 3392 pulcherrima
1532 3337 1694 3378 versu
1714 3325 1757 3378 δ.

451 3411 496 3468 0
525 3410 727 3467 decusl
762 3427 795 3466 o
817 3411 999 3484 magni
1030 3409 1334 3482 pernobilis
1364 3409 1544 3468 incola
1568 3410 1693 3468 cmli
1722 3411 1733 3467 l

452 3499 614 3557 Orbis
637 3499 870 3570 deliciae,
904 3502 1124 3574 praesul,
1157 3517 1252 3572 per
1289 3503 1489 3558 saecula
1518 3503 1686 3570 salve,

453 3588 664 3662 Terque
693 3597 992 3662 quaterque
1007 3589 1186 3660 juvat,
1218 3591 1307 3646 vel
1342 3591 1546 3647 millies
1581 3590 1780 3647 addere
1812 3608 1826 3658 ;
1861 3592 2008 3646 salve
2035 3606 2045 3644 :

454 3678 527 3735 Et
554 3679 724 3745 salve,
750 3684 804 3732 et
834 3678 1034 3745 valeas,
1072 3684 1125 3732 et
1153 3685 1332 3745 aveto,
1371 3685 1425 3733 et
1461 3695 1674 3734 summe
1704 3681 1906 3734 valeto.

530 3767 652 3826 170.
719 3767 878 3836 Quod
922 3777 1206 3843 superest;
1272 3769 1457 3827 valida
1518 3770 1663 3827 inter
1726 3777 1906 3843 partes
1958 3769 2054 3826 lite

1664 3859 1878 3931 [coorta

457 3971 714 4028 Praesulis
745 3972 1002 4027 induvias
1031 3972 1284 4027 certatim
1317 3971 1549 4044 quisque
1577 3979 1870 4043 reposcunt
1895 3989 1908 4039 ;

459 4059 558 4112 His
589 4058 828 4126 inhiant,
862 4060 959 4114 has
987 4059 1218 4132 quisque
1245 4060 1350 4118 sibi
1382 4060 1624 4132 rapuisse
1659 4061 1908 4119 laborant
1933 4078 1944 4117 :

459 4145 660 4200 Acrior
687 4161 757 4200 ex
783 4145 981 4217 opibus
1008 4163 1278 4219 nusquam
1305 4149 1586 4205 contentio
1614 4150 1843 4206 summis

459 4231 761 4290 Emersisse
784 4235 923 4290 solet
957 4250 969 4288 :
1001 4234 1217 4292 modica
1242 4235 1508 4293 ditescere
1538 4236 1721 4311 praeda

459 4322 559 4378 Est
591 4329 782 4378 votum
812 4324 1048 4392 cunctis,
1082 4333 1314 4398 nequeat
1343 4342 1470 4382 cum
1499 4325 1690 4382 cedere
1721 4326 1954 4384 cunctis.

460 4410 740 4468 Promitur
769 4411 828 4468 in
861 4412 1128 4482 medium,
1159 4421 1368 4486 partem
1399 4413 1494 4470 sed
1524 4414 1770 4470 vindicat
1804 4415 1949 4481 aula,

461 4493 676 4554 Partem
707 4500 1018 4571 pontiﬁces,
1046 4503 1247 4560 collata
1275 4511 1442 4570 sorte,
1482 4510 1790 4574 capessunt.

463 4582 789 4642 Sanctorum
819 4590 1062 4660 gerulam
1093 4589 1225 4645 divo
1253 4608 1352 4663 pro
1389 4607 1616 4647 munere
1642 4607 1860 4662 capsam

462 4669 762 4742 Impatiens
791 4674 978 4746 regina
1005 4676 1152 4746 capit
1177 4693 1189 4743 ;
1225 4692 1357 4731 mox
1385 4677 1632 4748 pignoris
1661 4677 1792 4733 almi

464 4757 658 4813 Petrus
685 4767 813 4814 ovat
841 4762 1041 4834 spolio,
1074 4764 1272 4836 praesul
1301 4765 1685 4820 sanctissimus
1714 4764 1888 4834 urbis,

467 4843 834 4919 Ciliciumque
864 4852 1025 4922 rapit,
1057 4867 1264 4908 sacram
1297 4853 1437 4924 rapit
1466 4853 1579 4926 ipse
1609 4857 1882 4911 cucullam
1912 4874 1924 4922 ;

467 4933 675 4992 Caetera
705 4937 994 5010 pontifices
1022 4949 1234 4996 certant
1261 4941 1603 5014 disrumpere
1632 4944 1771 5012 seni,

465 5023 648 5096 Atque
676 5042 821 5083 unus
866 5027 1109 5101 cinglum
1151 5030 1529 5104 praevindicat,
1573 5033 1709 5088 alter
1759 5033 2062 5104 amictum;

469 5111 717 5187 Cumque
746 5115 858 5172 duo
886 5119 1152 5188 tunicam,
1185 5121 1436 5192 sagulum
1466 5120 1576 5177 duo
1605 5121 1902 5194 diripuere.

471 5207 620 5276 Haec,
651 5207 829 5275 Pater,
858 5208 1134 5266 Ausonias
1167 5210 1374 5284 linquis
1403 5221 1760 5268 monumenta
1788 5230 1883 5287 per
1904 5231 2024 5271 oras
2048 5234 2060 5283 ;

472 5295 700 5356 Caesaris
727 5298 909 5357 edicto
939 5306 1126 5356 notam
1157 5301 1478 5358 referendus
1507 5303 1574 5359 ad
1602 5302 1817 5374 urbem,

474 5384 571 5441 His
601 5387 864 5445 Ravenna
891 5389 999 5446 tibi
1028 5389 1253 5448 meritos
1277 5389 1539 5464 dependit
1568 5391 1824 5450 honores.

544 5533 565 5561 ⁸
602 5526 771 5584 Malas
799 5532 1132 5589 ati‘cctiones.

548 5597 573 5632 δ
606 5599 916 5681 Alluditur,
965 5615 1027 5660 ut
1068 5622 1252 5681 supra,
1297 5608 1364 5681 ad
1405 5610 1715 5681 parabolam
1760 5611 1830 5668 de
1858 5610 2066 5668 semine

549 5625 572 5632 -
611 5625 916 5680 miluullul',
965 5625 1027 5660 ut
1068 5625 1130 5660 su
1174 5625 1252 5675 ra,
1297 5625 1364 5664 au
1405 5625 1654 5681 paranora

477 5664 847 5726 fructnhcante
872 5687 930 5728 ιιι
957 5681 1101 5732 terra
1131 5625 1276 5738 Bona
1303 5680 1498 5739 Matth.
1530 5698 1654 5739 xm.

1424 320 1664 380 IIERICI
1707 318 2029 379 MONACHI
2067 310 2733 374 ANTISSIODOBENSIS

2053 480 2105 541 A

3604 306 3750 365 1204

2211 471 2328 528 171.
2379 468 2608 525 Funeris
2639 463 2916 538 impensas
2961 459 3161 518 animis
3201 461 3595 518 communibus
3639 476 3753 516 ur-

3458 549 3634 623 [gent,

2134 649 2291 720 Quod
2323 663 2432 705 non
2465 662 2634 721 parva
2661 644 2781 700 viro
2811 643 3041 699 debetur
3074 641 3248 715 gloria
3275 648 3451 698 tanto.

2136 739 2394 798 Accolius
2421 735 2598 794 solido
2625 733 2884 806 pollinxit
2912 738 3155 787 aromate
3185 746 3384 803 corpus
3411 749 3425 798 ;

2142 830 2416 897 Vestibus,
2449 838 2502 884 et
2533 826 2684 882 molli
2717 826 2899 896 regina
2930 821 3178 879 Placidia
3206 822 3383 878 fulcro

2138 917 2374 983 Extulit,
2407 921 2460 970 et
2488 920 2701 969 sanctos
2731 909 2871 965 texit
2902 908 3230 980 propensius
3261 916 3413 964 artus
3439 927 3452 974 ;

2141 1008 2279 1063 llinc
2309 1007 2430 1072 iter,
2460 1011 2513 1058 et
2542 1001 2790 1066 comites,
2823 1014 3112 1069 expensas,
3148 1006 3311 1068 atque
3342 997 3580 1065 vehicla,

2139 1094 2530 1168 Suppetiasque
2560 1090 2684 1157 viae,
2717 1105 2812 1144 seu
2843 1085 3136 1144 commoda
3168 1096 3368 1142 cuncta
3395 1087 3619 1143 meandi

2141 1186 2370 1244 Instruit
2398 1191 2677 1255 angustus,
2711 1183 2984 1252 lectosque
3014 1179 3118 1235 hac
3138 1188 3282 1235 sorte
3314 1180 3604 1236 ministros

2143 1277 2498 1348 Prosequitur
2517 1273 2681 1344 largis
2695 1271 2863 1342 regali
2890 1285 3116 1325 munere
3142 1270 3229 1340 (C.
3258 1271 3424 1341 Lugd.
3446 1279 3492 1326 et
3518 1273 3611 1337 B.,
3636 1272 3759 1327 culo

3223 1357 3420 1431 [mine)
3455 1359 3643 1429 donis,

2146 1452 2440 1510 Pontiﬁces
2475 1467 2536 1506 ea
2564 1465 2695 1506 cura
2726 1465 2890 1521 penes
2923 1465 3084 1521 quam
3119 1448 3362 1504 maxime
3382 1449 3560 1505 fervet

2149 1545 2218 1600 Et
2247 1558 2487 1616 praesens
2517 1549 2725 1596 struere
2755 1538 3102 1610 obsequium,
3135 1547 3188 1593 et
3213 1539 3442 1610 vigilare
3474 1539 3683 1594 futuro.

2150 1631 2285 1686 Tum
2324 1627 2593 1702 quidquid
2622 1627 2797 1700 poscit
2829 1626 3144 1699 praestantia
3174 1629 3502 1698 relligionis,

2152 1719 2383 1774 Funeris
2413 1715 2764 1772 omnimodos
2796 1715 2939 1771 unde
2969 1717 3115 1771 unde
3146 1723 3405 1787 aptantur
3428 1716 3484 1771 in
3515 1733 3670 1771 usus.

2078 1843 2123 1903 Β
2153 1809 2388 1880 Agmine
2421 1808 2694 1878 praecipuo
2725 1807 2802 1862 sic
2835 1806 3210 1862 informantur
3235 1805 3302 1860 ad
3334 1823 3476 1872 oras,

2156 1899 2332 1954 Gallia
2365 1897 2611 1968 (plaude)
2646 1905 2785 1963 tuas,
2823 1895 3070 1951 antistite
3103 1897 3224 1951 laeta
3262 1903 3502 1968 recepto.

2229 1989 2348 2043 I72.
2390 1989 2500 2044 Nec
2526 1995 2578 2042 te
2609 1986 2818 2041 divinis
2848 1994 3092 2042 exortem
3126 1987 3336 2042 duxero
3363 1986 3546 2054 donis,

2153 2078 2357 2135 Italicis
2388 2093 2495 2132 non
2525 2075 2819 2132 infecunda
2865 2075 3140 2132 Placentia
3172 2077 3366 2146 glebis,

2153 2168 2256 2224 Cui
2288 2183 2415 2222 mox
2446 2166 2704 2235 dignatur
2734 2175 2984 2220 sanctum
3017 2165 3308 2221 succedere
3338 2166 3505 2222 funus
3531 2184 3544 2232 ;

2152 2256 2416 2328 Quodque
2441 2256 2585 2309 intra
2613 2255 2856 2312 ecclesiae
2889 2264 3056 2312 noctu
3089 2265 3300 2312 secreta
3339 2257 3579 2312 locatum

2151 2349 2292 2402 Dum
2321 2346 2478 2416 vigili
2510 2346 2680 2417 pietas
2708 2345 3026 2417 hymnoque
3058 2353 3110 2400 et
3141 2347 3350 2403 lumine
3382 2356 3584 2415 servat,

2153 2438 2314 2492 Forte
2347 2435 2453 2491 loci
2483 2443 2730 2490 matrona
2762 2435 2930 2502 subit,
2964 2434 3054 2492 cui
3099 2437 3277 2508 passio
3309 2437 3544 2506 dudum,

2153 2528 2310 2584 Dicta
2337 2527 2623 2598 paralysis,
2666 2528 2892 2582 miseros
2935 2527 3262 2583 labefecerat
3293 2537 3480 2584 artus:

2151 2621 2268 2676 Jam
2300 2621 2484 2675 nervis
2513 2620 2742 2675 ﬂuidum
2778 2620 3056 2695 [ﬂuidam]
3103 2622 3222 2675 laxa
3265 2638 3524 2694 compage
3561 2621 3764 2676 solutis

2153 2707 2384 2765 Cernere
2411 2716 2525 2762 erat
2557 2707 2807 2762 miseram
2839 2709 3116 2763 defunctis
3141 2709 3328 2764 vivere
3363 2709 3650 2764 membris.

2155 2800 2280 2855 H1130
2309 2806 2496 2853 sancto
2527 2798 2684 2854 subdi
2703 2786 2893 2870 ’poscit
2921 2798 3168 2854 benefida
3196 2801 3414 2856 feretro.

2154 2889 2454 2954 Subditur;
2488 2899 2540 2944 et
2569 2897 2702 2954 tota,
2725 2906 2888 2959 quam
2953 2891 3110 2960 longa
3135 2899 3237 2956 est,
3263 2899 3422 2946 nocte
3446 2891 3774 2946 recumbens

2154 2979 2349 3035 Haurit
2383 2981 2648 3047 coelestes,
2681 2977 2902 3035 Christo
2933 2987 3235 3050 vegetante,
3271 2981 3543 3036 medelas:

2155 3068 2456 3139 Stringitur
2479 3068 2538 3123 in
2571 3067 2808 3124 solidum
2835 3087 2847 3135 ;
2883 3068 3068 3124 nervis
3099 3068 3154 3123 in
3177 3055 3365 3140 prisca
3395 3068 3660 3137 reductis,

2155 3161 2423 3232 Exceptat
2452 3158 2751 3232 placidum,
2784 3159 2959 3231 sopita
2985 3167 3156 3231 peste,
3190 3158 3458 3231 vigorem.

2155 3247 2274 3301 Lux
2306 3245 2466 3312 redit,
2500 3253 2553 3300 et
2582 3254 2821 3317 coeptum
2846 3255 3098 3318 repetunt
3129 3247 3379 3306 insistere
3410 3250 3604 3305 callem
3633 3267 3644 3302 :

2153 3337 2313 3393 Elato
2342 3336 2558 3408 capulo,
2591 3336 2790 3391 mulier
2818 3336 3103 3392 sanissima
3133 3339 3330 3408 surgit,

2154 3425 2379 3482 Munere
2410 3425 2655 3480 defuncti
2686 3425 2857 3480 vitam
2887 3427 3081 3481 sortita
3111 3427 3412 3483 salubrem.

2156 3516 2387 3574 Miratur
2416 3515 2668 3586 populus,
2703 3516 2957 3586 genuinis
2989 3517 3186 3573 vadere
3223 3519 3445 3590 plantis,

2161 3611 2432 3666 Hactenus
2461 3611 2629 3666 ofﬁcii
2656 3611 2831 3666 fuerat
2861 3629 2984 3684 quae
3015 3613 3186 3669 totius
3209 3614 3405 3685 impos.

2159 3701 2269 3756 Nec
2301 3715 2587 3755 numerum
2618 3700 2883 3769 referunt,
2921 3717 3020 3757 nec
3042 3702 3233 3773 stringi
3263 3701 3508 3758 carmine
3535 3709 3766 3774 possunt

2162 3786 2388 3854 Caetera,
2421 3787 2676 3842 lnstratas
2707 3804 2826 3860 quas
2858 3796 2977 3843 tum
3015 3796 3227 3860 patrata
3263 3806 3357 3861 per
3389 3806 3532 3846 oras.

2162 3874 2307 3942 Quin
2338 3883 2390 3930 et
2415 3875 2500 3931 bis
2531 3876 2806 3949 triplicem
2840 3875 2985 3932 nodo
3017 3894 3364 3948 compescere
3394 3878 3583 3933 funem
3607 3887 3628 3914 ε

2163 3963 2444 4035 Cogimur,
2474 3975 2527 4022 et
2556 3966 2724 4036 raptis
2745 3966 2980 4022 stadium
3007 3984 3336 4040 componere
3369 3969 3546 4024 metis.

2164 4051 2328 4108 Lecta
2350 4051 2559 4107 dabunt
2590 4054 2723 4109 alias
2752 4053 2962 4111 devotae
3009 4056 3263 4127 symbola
3296 4056 3512 4113 mentis.

2238 4140 2357 4196 173.
2399 4141 2663 4197 IEthereo
2694 4143 2908 4199 monitu
2942 4143 3197 4216 divisque
3227 4146 3467 4200 exercita
3491 4145 3662 4218 jussis

2167 4229 2363 4299 Gallia,
2396 4231 2668 4287 Penninas
2697 4248 2889 4303 agmen
2921 4234 3208 4290 contendit
3239 4234 3298 4290 in
3329 4237 3516 4307 Alpes,

2167 4319 2477 4391 Exceptura
2506 4337 2665 4376 suum
2699 4321 2907 4393 duplici
2942 4325 3141 4394 pietate
3168 4326 3450 4381 Parentem
3479 4345 3492 4392 ;

2167 4407 2324 4476 Quod
2353 4410 2596 4481 propius,
2630 4411 2777 4482 quod
2818 4413 3116 4485 longinqua
3146 4414 3366 4485 regione
3399 4414 3623 4469 relatus.

2169 4497 2332 4570 Urget
2365 4515 2520 4554 amor
2547 4497 2715 4568 cives,
2747 4509 2904 4573 urget
2934 4503 3243 4558 reverentia
3273 4512 3454 4568 certe;

2172 4586 2436 4661 Quodque
2470 4599 2748 4659 verentur,
2799 4602 3020 4660 amant;
3070 4595 3217 4666 quod
3261 4601 3446 4650 amant
3487 4593 3540 4650 id
3573 4607 3776 4664 nempe

3339 4682 3626 4756 [verentur
3649 4699 3660 4736 :

2177 4768 2413 4837 Felices;
2448 4777 2679 4843 utroque
2704 4778 2886 4827 tamen
2916 4772 2962 4828 si
2992 4780 3210 4845 perpete
3251 4781 3379 4828 voto

2177 4858 2247 4913 Et
2273 4867 2519 4915 metuant
2560 4868 2612 4915 et
2641 4869 2825 4916 ament
2856 4861 3210 4918 metuendum
3243 4869 3296 4918 et
3325 4877 3537 4934 semper
3567 4877 3778 4917 aman-

3479 4953 3660 5026 [dum.

2251 5039 2369 5096 174.
2393 5040 2566 5098 Omne
2593 5057 2762 5114 genus
2790 5041 3080 5100 hominum
3102 5043 3320 5100 diversa
3343 5042 3410 5099 ad
3433 5044 3626 5099 munia
3651 5060 3777 5098 cur-

3526 5131 3663 5204 [ritz

2178 5220 2321 5292 Ergo
2350 5221 2468 5278 vias
2498 5222 2614 5287 alii,
2643 5223 2890 5294 disjectis
2929 5223 3190 5292 molibus,
3225 5233 3480 5297 aequant;

2177 5309 2444 5367 Pontibus
2476 5311 2761 5368 instructis
2784 5313 3100 5370 conducunt
3139 5313 3325 5370 littora
3353 5313 3603 5387 quidam,

2180 5401 2246 5455 lli
2279 5401 2500 5473 psalmis
2528 5402 2790 5471 reboant;
2825 5405 3094 5476 plaudunt
3123 5404 3484 5461 concentibus
3503 5403 3624 5472 illi;

2251 5553 2270 5578 ⁸
2303 5545 2397 5600 Bis
2427 5545 2684 5618 triplicem
2699 5546 2878 5618 funem
2899 5547 3134 5621 appellat
3163 5548 3332 5604 libros
3357 5548 3520 5605 hosce
3541 5563 3660 5604 sex.
