4066 6190
251 245 388 305 1205

245 398 562 457 Succollant
597 396 694 454 alii
722 396 968 471 ;jactant
1007 395 1286 469 impendia
1325 395 1525 463 multi;

245 487 352 555 Qui
384 495 630 559 possunt,
661 487 814 543 oneri
845 487 1060 546 vicibus
1089 485 1379 545 succedere
1400 485 1638 556 gaudent
1662 503 1675 552 ;

245 577 306 634 Id
337 577 433 649 qui
455 593 565 632 non
589 585 834 649 possunt,
868 578 1014 650 quod
1039 576 1218 633 solum
1247 575 1485 648 denique
1515 585 1762 648 possunt,

245 667 538 724 Deducunt
563 667 758 734 oculis,
789 668 966 723 oculis
1001 675 1054 722 et
1083 681 1215 722 voce
1244 674 1548 739 sequuntur
1581 685 1593 725 :

239 756 476 814 Lumina
505 756 799 829 multiplici
825 773 1008 815 rerum
1045 764 1356 814 constructa
1377 765 1568 828 paratu

246 845 550 903 Obnubunt
581 847 779 904 rutilos
808 848 1047 921 phcnbeaa
1080 848 1347 918 lampadis
1378 847 1549 919 ignes.

244 936 416 991 Tanta
437 934 600 991 datur
627 934 799 991 cineri
820 936 866 991 si
892 952 1074 992 rerum
1111 952 1308 1008 pompa
1331 936 1568 1002 caduco;

243 1025 458 1094 Quanta
496 1025 738 1080 animam
769 1025 981 1096 superis
1002 1025 1230 1097 insignit
1260 1025 1433 1097 gloria
1457 1025 1652 1081 castris
1673 1025 1701 1080 ’ἲ

1251 243 1344 301 DE
1384 242 1561 303 VITA
1599 242 1652 300 S.
1694 244 2034 305 GERMANI.
2079 273 2143 286 -
2181 243 2543 304 EPILOGUS.

3405 241 3544 302 i206

1867 400 1917 460 Α
1947 397 2160 465 Quanta
2189 398 2352 468 polo;
2407 398 2451 454 si
2481 404 2636 454 tanta
2658 397 2776 455 solo
2795 398 2823 455 7
2853 397 2926 454 Te
2954 397 3142 466 dante,
3180 394 3538 470 Redemptor,

1949 485 2273 542 Sanctorum
2307 502 2519 558 semper
2547 504 2696 544 mors
2725 497 2807 545 est
2837 487 3076 560 pretiosa
3103 493 3350 556 tuorum,

1948 575 2063 631 Hoc
2092 576 2398 647 splendore,
2422 578 2598 646 Pater,
2633 578 2805 635 Latiis
2834 586 3056 634 evectus
3085 575 3153 631 ab
3192 574 3326 640 oris,

1946 663 2152 722 Ordine
2177 664 2467 735 magniﬁco
2488 666 2702 723 dilectae
2727 666 2973 725 redderis
2998 664 3145 733 urbi,

1944 755 2138 810 Nobile
2159 771 2265 827 qua
2292 762 2474 810 servat
2500 757 2843 814 sanctissima
2867 757 3112 814 membra
3132 754 3449 828 sepulcrum

1945 843 2181 915 Spiritus
2211 852 2265 899 at
2294 860 2485 916 perpes
2521 846 2842 901 meritorum
2872 844 3122 917 lampade
3150 858 3410 910 vernans,

1947 933 2122 1003 Vivit,
2152 942 2206 990 et
2226 934 2444 990 aeternis
2473 935 2682 992 attollit
2706 935 2906 993 saecula
2924 933 3118 1006 signis.

1647 1289 2118 1367 EPILOGUS.

595 1453 703 1516 Dei
738 1461 796 1516 et
825 1451 890 1516 S.
932 1451 1243 1516 Germani
1271 1454 1341 1515 in
1365 1458 1694 1514 auctorem
1725 1449 2059 1528 bene/icta,
2093 1451 2288 1531 hujus
2316 1454 2524 1533 operis
2579 1469 2791 1517 causa”
2818 1454 3190 1533 praecipuae.

314 1724 432 1780 175.
456 1722 615 1779 Nunc
631 1720 733 1777 tibi
764 1737 912 1777 nunc
933 1719 1332 1789 meritos,Jesu,
1355 1735 1632 1777 sacramus
1659 1717 1830 1774 hono-
1861 1718 1906 1778 B
1941 1721 2202 1778 Exortem
2232 1722 2403 1777 faxim
2431 1740 2440 1777 :
2476 1731 2604 1778 sunt
2633 1731 2688 1779 et
2725 1721 2865 1777 mihi
2905 1735 3071 1793 pensa
3100 1717 3297 1774 talenti

235 1812 520 1869 Subnixus
549 1810 686 1866 solio
715 1810 888 1867 ﬁectis
919 1809 1012 1883 qui
1038 1817 1235 1866 cuncta
1264 1817 1510 1879 paterno,
1701 1806 1828 1879 [res,

235 1902 482 1960 Verbum
510 1908 708 1959 cuncta
732 1917 942 1967 creans,
968 1907 1243 1955 ructatum
1275 1908 1491 1969 pectore
1524 1897 1720 1964 Patris,

235 1993 376 2060 Rex,
403 1999 456 2048 et
485 1990 840 2063 principium,
869 2006 996 2060 pax,
1023 1996 1075 2043 et
1097 1988 1162 2042 de
1195 1987 1402 2042 lumine
1425 1987 1636 2052 lumen,

231 2081 364 2146 Ars,
386 2087 440 2135 et
466 2077 784 2145 consilium,
820 2077 932 2143 lex,
964 2086 1018 2131 et
1047 2073 1343 2132 concordia
1371 2089 1577 2142 rerum,

228 2170 521 2241 Causaque
553 2182 859 2232 causarum,
908 2164 1001 2220 sed
1033 2172 1086 2219 et
1124 2164 1280 2235 ignee
1327 2163 1452 2218 fons
1497 2162 1829 2231 animarum,

226 2259 390 2316 Idem
424 2254 783 2328 principium,
811 2251 1054 2307 medium
1086 2251 1252 2318 idem,
1282 2251 1554 2305 terminus
1571 2251 1716 2306 idem
1745 2269 1758 2317 ;

225 2348 344 2417 Qui
375 2361 657 2418 nunquam
677 2360 787 2399 non
818 2360 893 2410 es,
924 2358 1203 2414 nunquam
1236 2357 1348 2395 nou
1376 2357 1489 2396 esse
1515 2339 1723 2407 tulisti;

228 2439 463 2509 Semper
492 2434 659 2491 habes
688 2449 821 2501 esse,
863 2431 958 2504 qui
997 2438 1216 2503 praestas
1238 2430 1495 2484 omnibus
1521 2445 1636 2486 esse
1661 2449 1674 2496 ;

231 2528 528 2584 Essentum
561 2539 696 2596 pura
727 2540 789 2580 ac
818 2522 1053 2592 simplex
1074 2519 1308 2575 essentia
1331 2534 1511 2573 rerum
1537 2537 1550 2585 ;

232 2615 484 2672 Artubus
504 2612 740 2680 infusus,
782 2626 1107 2682 percurrens
1134 2606 1322 2663 omnia
1350 2606 1567 2672 mundi,

232 2706 409 2761 Totus
430 2719 522 2776 per
551 2710 748 2769 totum,
782 2716 880 2756 nec
912 2716 1034 2771 pars
1065 2706 1117 2753 te
1146 2698 1384 2752 destinet
1416 2712 1542 2752 una.

233 2798 309 2854 Te
335 2795 514 2852 Patris
541 2793 780 2859 radium,
812 2798 864 2845 te
894 2789 1060 2856 Patri,
1095 2788 1331 2855 Christe,
1371 2803 1638 2855 coaevum,

233 2890 312 2945 Te
332 2885 568 2942 colimus
597 2888 740 2939 casta
772 2887 894 2954 post
920 2879 1036 2935 haec
1066 2878 1133 2933 de
1164 2877 1394 2950 Virgine
1423 2885 1616 2932 natum

232 2975 552 3035 Pneumatis
575 2988 818 3040 accessu,
849 2986 1044 3042 supera
1077 2969 1349 3024 manantis
1380 2968 1447 3023 ab
1469 2982 1592 3023 arce

232 3072 467 3129 Decreto
498 3069 732 3148 Τριάδος,
774 3079 881 3136 qua
915 3061 1166 3117 substant
1196 3059 1400 3127 omnia,
1433 3073 1679 3112 summae.

232 3170 326 3228 Sic
358 3168 584 3224 verbum
615 3181 740 3222 caro
767 3163 850 3231 ﬁt,
882 3176 1102 3218 carnem
1135 3158 1283 3230 quod
1316 3157 1516 3214 fecerat
1546 3157 1716 3222 olim;

233 3264 307 3319 Ut
336 3277 462 3318 caro
481 3257 789 3317 conversim
811 3256 963 3310 ﬁeret
993 3252 1244 3308 mirabile
1274 3250 1538 3307 Verbum.

233 3352 326 3409 Sic
360 3359 413 3407 te
443 3354 758 3431 Σαρκάλογον
788 3353 813 3382 ⁸
841 3350 989 3402 casta
1017 3341 1228 3399 ratione
1250 3340 1506 3405 fatemur,

234 3451 381 3508 Vera
408 3447 506 3505 Dei
533 3447 734 3519 proles,
765 3441 1010 3497 hominis
1031 3439 1320 3494 verissima
1349 3438 1529 3508 proles
1563 3454 1573 3490 :

233 3543 418 3599 Verus
439 3539 606 3594 homo
627 3543 788 3602 atque
809 3533 951 3584 Deus
970 3546 982 3593 ;
1008 3528 1138 3582 hinc
1153 3525 1564 3591 conditus,inde
1587 3526 1823 3581 Creator:

233 3628 330 3686 Sic
355 3624 636 3695 duplicata
666 3626 812 3697 φύσις
843 3629 1127 3688 personam
1151 3620 1419 3684 temperat
1440 3629 1630 3669 unam.

232 3724 320 3778 Tu
352 3721 476 3792 pius
505 3717 757 3772 humanae
787 3730 880 3785 per
909 3713 1106 3766 saecula
1138 3709 1316 3781 gentis
1344 3717 1577 3776 amator,

233 3806 515 3878 Sanguine
545 3801 822 3874 perfusum
851 3799 1055 3854 tersisti
1085 3796 1317 3853 crimine
1349 3796 1618 3852 mundum
1645 3814 1657 3862 ;

231 3895 518 3956 Demissus
537 3891 741 3964 stygias
770 3888 899 3943 vita:
937 3895 1214 3957 reparator
1243 3886 1310 3940 ad
1339 3887 1581 3953 umbras,

232 3988 308 4044 Ut
336 3983 580 4048 tandem,
614 3979 806 4051 spoliis
829 3983 1100 4048 prostrato
1121 3989 1192 4028 ex
1219 3973 1374 4027 hoste
1397 3974 1648 4044 receptis,

232 4072 573 4149 Splendidus
599 4075 838 4149 οὐρανίας
866 4066 893 4106 b
925 4078 1196 4119 remeares
1217 4061 1397 4118 victor
1425 4061 1483 4115 in
1514 4077 1664 4116 arces
1689 4079 1701 4127 ;

233 4173 356 4241 Quo
384 4178 439 4226 te
466 4166 778 4238 suscipiunt
798 4161 1084 4235 Seraphim
1117 4159 1359 4223 oculosa,
1388 4173 1590 4215 canoro

234 4259 493 4319 Carmine
531 4248 1282 4326 multiplicem-modulantia
1319 4247 1632 4325 δωξαλογίαν
1663 4276 1686 4303 ο

235 4357 308 4412 Et
342 4371 500 4411 senas
526 4351 777 4426 pandunt
813 4346 1033 4404 blandis
1059 4345 1413 4418 applausibus
1441 4344 1574 4412 alas,

235 4445 510 4502 Ardentes
539 4456 757 4498 summo
780 4453 1005 4496 summae
1038 4435 1270 4491 Deitatis
1307 4451 1511 4490 amore.

236 4535 341 4592 Hic
369 4543 431 4590 tu
468 4531 745 4602 stelligero
775 4529 1096 4599 dispensans
1127 4525 1312 4580 omnia
1343 4532 1579 4595 sceptro,

236 4621 465 4680 Partiris
494 4618 731 4692 propriis
755 4614 1087 4689 polyformia
1116 4629 1342 4668 munera
1371 4612 1561 4667 servis.

235 4714 344 4770 Iste
371 4712 703 4767 talentorum
733 4706 956 4762 sortitus
994 4706 1202 4760 fcenora
1225 4703 1485 4774 quinque,

231 4800 462 4858 Naviter
489 4796 688 4854 activis
715 4802 933 4851 exercet
959 4800 1207 4864 tempora
1245 4791 1422 4846 causis
1446 4808 1459 4857 ;

238 4890 344 4946 Hic
361 4888 506 4945 scitu
534 4887 750 4955 melior,
781 4891 1100 4957 compensat
1129 4884 1385 4955 dogmata
1413 4881 1594 4949 factis,

233 4981 485 5035 Testatus
520 4977 798 5048 geminum
830 4990 944 5029 sese
973 4973 1226 5029 retulisse
1258 4973 1526 5026 talentum
1562 4987 1573 5024 :

230 5069 351 5135 Est,
381 5067 472 5124 cui
501 5065 768 5122 doctrinae
798 5061 1042 5120 succedit
1063 5061 1219 5132 copia
1247 5067 1462 5114 tantum
1489 5077 1502 5124 ;

230 5159 461 5215 Debitor
490 5157 657 5213 unius
688 5155 1033 5227 reputabitur
1065 5153 1169 5207 iste
1196 5149 1412 5206 talenti.

229 5249 411 5320 Atque
431 5246 648 5302 utinam
679 5244 932 5300 tenebras
961 5258 1072 5297 non
1101 5241 1197 5296 ille
1228 5239 1480 5294 redactus
1501 5237 1558 5292 in
1588 5243 1752 5305 atras,

228 5337 396 5392 Eluat
427 5344 630 5392 aeterno
661 5333 857 5390 mercis
886 5330 1174 5404 dispendia
1206 5331 1393 5386 luctui

304 5425 422 5481 176.
453 5424 564 5481 Nec
588 5439 676 5479 me
705 5437 956 5494 gazarum
980 5419 1199 5486 merito,
1227 5419 1341 5474 Rex
1373 5432 1583 5488 magne,
1603 5424 1820 5472 tuarum

299 5585 325 5613 ι
353 5547 414 5604 Id
435 5555 516 5603 est
536 5562 748 5603 car-nem
777 5545 1010 5601 verbum.
1034 5542 1159 5599 Not.
1190 5556 1321 5596 mss.

300 5625 328 5667 b
367 5620 621 5677 C(elestes.

1945 1812 2113 1867 Cauta
2140 1813 2247 1866 mei
2273 1831 2285 1879 ;
2319 1820 2464 1868 stant
2485 1812 2684 1884 cuique
2715 1829 2826 1868 suae
2857 1808 3184 1882 compendia
3210 1806 3447 1874 mercis;

1942 1900 2002 1954 In
2034 1900 2197 1956 luteis
2226 1901 2494 1971 specubus
2519 1900 2731 1956 defossa
2759 1901 2990 1973 pecunia
3017 1913 3330 1972 quanquam

1943 1989 2014 2043 Et
2042 1988 2176 2042 furti
2207 1997 2262 2042 et
2291 1988 2500 2042 fraudis
2529 2003 2748 2043 servum
2779 1987 3109 2043 condemnet
3133 1986 3393 2040 inertem.

1944 2075 2191 2147 Cumque
2223 2074 2341 2129 dies
2374 2075 2629 2131 reducem
2658 2083 2711 2130 te
2750 2075 2941 2130 fecerit
2970 2074 3200 2128 ultimus
3232 2072 3404 2138 arvis,

1944 2168 2122 2239 Atque
2153 2165 2297 2220 inter
2327 2165 2562 2220 famulos
2588 2164 2910 2236 discrimina
2934 2163 3161 2219 duxeris
3189 2178 3367 2234 aequa,

1946 2260 2047 2316 llic
2075 2258 2272 2313 referet
2297 2257 2460 2312 macti
2492 2265 2667 2328 grates
2687 2265 2741 2312 et
2772 2257 2994 2328 praimia
3018 2254 3160 2323 ﬁsci,

1945 2348 2233 2404 Admissus
2258 2345 2440 2416 superi
2474 2345 2531 2399 in
2562 2344 2714 2400 sedes
2747 2353 2800 2400 et
2827 2344 3020 2416 gaudia
3049 2344 3203 2414 regni
3229 2361 3242 2410 ;

1944 2438 2041 2492 llle
2069 2437 2181 2490 luet
2210 2433 2421 2488 meritis
2454 2434 2700 2505 neglecta
2731 2433 3023 2506 potismata
3051 2435 3078 2474 d
3106 2431 3283 2502 poenis

1945 2524 2216 2578 Extrusus
2246 2521 2474 2592 placidae
2507 2520 2752 2594 pulchris
2788 2537 2816 2576 c
2847 2519 3121 2576 moenibus
3154 2519 3312 2574 aulae.

1945 2612 2004 2667 Id
2036 2619 2293 2682 reputans
2313 2611 2518 2678 animo,
2552 2617 2908 2680 metuensque
2940 2607 3178 2662 immane
3207 2606 3426 2678 pericli,

1944 2701 2063 2768 Qua
2096 2716 2308 2772 possem
2335 2706 2498 2756 tantae
2529 2705 2727 2753 memet
2755 2697 3054 2752 subducere
3085 2711 3263 2762 noxae,

1945 2792 2176 2847 Sedulus
2207 2791 2476 2846 instabam
2511 2814 2522 2846 :
2557 2791 2873 2846 volventem
2904 2787 3163 2859 plurima,
3196 2785 3420 2842 tandem

1945 2881 2171 2952 Impulit
2200 2881 2307 2936 huc
2340 2883 2358 2948 (
2366 2897 2465 2936 nec
2489 2888 2699 2936 certum
2717 2878 2910 2945 habeo,
2943 2891 3190 2941 casusne,
3225 2874 3464 2946 Deusne)

1946 2973 2277 3027 Germanum
2301 2971 2514 3025 melicis
2542 2970 2815 3024 illustrem
2844 2965 3068 3021 reddere
3098 2963 3291 3030 musis,

1866 3070 1908 3130 C
1937 3070 2052 3124 Hoc
2078 3079 2273 3118 venam
2308 3059 2515 3132 ingenii
2549 3058 2788 3130 primum
2821 3061 3030 3109 tentare
3063 3052 3297 3123 periclo,

1945 3160 2060 3214 Hoc
2080 3155 2416 3224 intemptata
2438 3149 2692 3204 rudimen
2711 3144 2802 3217 [Β.
2835 3141 3137 3214 specimen]
3167 3140 3384 3211 pulsare
3413 3153 3536 3208 poe-

3386 3224 3485 3297 [sis
3518 3240 3533 3281 :

1943 3338 2115 3395 Multa
2133 3336 2336 3394 dabant
2364 3333 2576 3388 animos
2601 3347 2614 3396 ;
2646 3343 2798 3383 amor
2828 3332 2881 3381 et
2913 3319 3218 3378 reverentia
3250 3317 3461 3383 Sancti,

1945 3428 2192 3485 Plurima
2221 3423 2494 3490 materies,
2525 3427 2643 3474 tum
2671 3423 2866 3488 praeter
2895 3420 3108 3478 caetera,
3134 3407 3281 3481 quod
3312 3421 3398 3461 me

1945 3519 2015 3573 Et
2037 3516 2234 3572 debere
2264 3513 2406 3571 Vero
2437 3518 2490 3566 et
2520 3507 2755 3564 nimium
2783 3503 2978 3560 debere
3004 3498 3262 3555 monebat

1945 3605 2176 3666 Conscia
2204 3619 2357 3659 mens
2386 3615 2590 3657 rerum.
2622 3597 2949 3667 Septennem
2974 3590 3144 3645 ferme
3173 3585 3422 3658 puellum

1945 3697 2128 3752 Sancti
2157 3692 2398 3750 servitiis
2418 3707 2504 3745 me
2534 3684 2923 3756 transcripsere
2955 3683 3210 3752 parentes

1944 3791 2016 3845 Et
2047 3803 2237 3843 sensus
2257 3785 2498 3854 inopem,
2526 3789 2580 3835 et
2607 3783 2779 3834 cautae
2812 3770 3040 3828 rationis
3069 3768 3358 3823 inermem.

1944 3876 2194 3949 Suscepit
2224 3883 2473 3931 tenerum
2494 3867 2691 3924 blande
2724 3864 3012 3918 miseratus
3040 3859 3326 3912 alumnum
3356 3871 3370 3919 ;

1944 3971 2086 4026 Pane
2114 3944 2290 4035 aluit;
2324 3969 2600 4037 tegmenta
2627 3956 2816 4021 dedit;
2850 3944 3371 4037 fomentaparavit;

1943 4059 2181 4128 Corpore
2205 4034 2490 4126 prevexit;
2514 4060 2633 4105 tum
2664 4044 2915 4102 sensibus
2945 4034 3326 4110 ampliﬁcavit.

1943 4147 2126 4203 Vivax
2156 4141 2439 4196 difﬁcilem
2467 4145 2654 4208 pectus
2684 4133 2914 4202 largitus
2947 4129 3004 4182 in
3037 4134 3208 4181 artem
3233 4143 3246 4190 ;

1943 4236 2250 4303 Languores
2279 4226 2489 4299 pepulit
2514 4242 2526 4289 ;
2563 4219 2886 4277 discrimina
2912 4223 3110 4271 cuncta
3141 4211 3357 4281 subegit
3383 4228 3396 4275 ;

1942 4299 2240 4383 Absentem
2272 4316 2544 4390 precibus,
2566 4315 2888 4384 praesentem
2922 4301 3150 4357 numine
3172 4299 3360 4390 juvit;

1861 4429 1904 4484 υ
1935 4413 2184 4480 Contulit
2213 4384 2373 4464 omne
2393 4405 2631 4467 bonum;
2659 4393 2996 4468 compescuit
3026 4404 3188 4446 omne
3218 4384 3525 4442 sinistrum.

1942 4475 2293 4573 Carminibus
2331 4490 2534 4548 nostris
2556 4486 2646 4542 hic
2679 4482 2975 4539 illaudatus
2996 4475 3214 4533 abiret?

2020 4610 2140 4665 I77.
2175 4603 2328 4660 Talia
2355 4599 2673 4654 volventem
2705 4586 2982 4646 terrebant
3030 4581 3268 4654 plurima
3297 4583 3525 4637 contra;

1947 4697 2184 4754 Materiae
2221 4688 2480 4764 gravitas,
2511 4683 2668 4739 siccae
2693 4675 2902 4750 jejunia
2934 4673 3155 4743 linguas,

1945 4788 2083 4842 Tum
2116 4780 2323 4855 species
2344 4774 2542 4848 operis,
2567 4769 2696 4825 vilis
2726 4777 2955 4838 persona
2982 4765 3174 4834 poetae,

1943 4843 2208 4944 Quodque
2229 4867 2327 4925 Dei
2350 4843 2468 4921 laus
2496 4867 2577 4915 est
2607 4855 2767 4913 labiis
2795 4853 3079 4944 incompta
3097 4843 3358 4903 scelestis.

1943 4937 2214 5019 S-ubve-nit
2243 4953 2460 5028 trepido
2481 4961 2719 5022 praesens
2738 4941 2942 4999 ﬁducia
2971 4937 3085 4994 vati
3119 4953 3132 4992 :

1941 5051 2100 5118 Quod
2133 5062 2316 5121 posses
2331 5018 2552 5099 .lubrici
2586 5037 2857 5109 plectrum
2882 5033 3133 5121 vegetare
3164 5018 3350 5121 palati,

1941 5139 2043 5196 Cui
2075 5110 2245 5192 mutis
2274 5132 2494 5188 facilem
2528 5143 2646 5182 mos
2674 5129 2755 5178 est
2783 5130 3030 5191 reparare
3060 5110 3356 5183 loquelam.

1942 5227 2110 5299 Inque
2137 5238 2323 5295 preces
2353 5217 2562 5275 validas
2592 5216 2791 5269 memet
2818 5204 3094 5263 connixus
3122 5196 3299 5299 adegi,

1939 5286 2038 5372 Sic.
2054 5286 2332 5386 reputans,
2365 5308 2444 5365 sic
2482 5312 2557 5370 te,
2589 5315 2772 5358 rerum
2802 5293 3109 5353 Moderator
3137 5286 3369 5386 adorans
3406 5297 3417 5336 :

1938 5404 1994 5460 Si
2025 5375 2132 5458 tua.
2147 5406 2296 5467 sunt,
2319 5375 2446 5470 quae
2476 5408 2658 5467 posco,
2687 5389 2868 5452 Deus;
2909 5383 2977 5450 si,
3007 5387 3063 5436 te
3096 5375 3391 5440 tribuente,

2011 5550 2029 5575 ο
2062 5529 2166 5584 Pro
2189 5527 2488 5606 δοξο).ογίᾳν
2503 5574 2528 5606 ,_
2547 5524 3009 5584 collaudationem.

2012 5610 2037 5645 ά
2064 5609 2122 5666 Id
2153 5614 2252 5676 est,
2284 5601 2670 5678 negotiationes.
