4074 6186
504 243 642 304 1207

500 400 807 457 Germanus
841 393 958 450 haec
984 406 1141 465 posse
1160 390 1310 459 tulit,
1336 396 1398 444 tu
1421 387 1525 443 rite
1553 384 1764 459 petenti

499 489 728 545 Munera
759 484 837 539 ter
862 482 1083 553 linguae,
1114 478 1274 550 cujus
1293 485 1422 533 sunt
1455 491 1682 530 munera
1715 474 1918 546 lingua
1952 491 1964 529 :

503 576 689 637 Gratia
719 574 861 630 velle
893 571 1083 637 dedit;
1111 566 1376 624 concedat
1403 565 1576 637 gratia
1606 579 1786 635 posse.

505 664 747 732 Audisti,
782 669 835 719 et
865 661 908 717 si
940 659 1073 733 quid
1102 657 1277 730 potui,
1317 663 1379 711 tu
1410 670 1565 727 posse
1595 652 1820 709 dedisti.

506 756 649 812 Hinc
672 762 769 810 tua
798 753 917 807 laus
940 757 1130 805 nostro
1155 762 1372 818 semper
1398 750 1714 801 concrescat
1742 742 1802 797 in
1834 756 1948 808 ore,

505 844 624 902 Rex
644 856 856 914 regum,
872 839 1031 894 Pater
1048 838 1193 893 alme
1211 834 1524 902 hominum,
1554 848 1675 904 spes
1691 832 1838 887 clara
1857 837 2098 885 tuorum.

508 932 683 1000 Quem
712 945 810 986 sua
837 927 1056 985 collatis
1081 924 1287 996 jubilat
1314 921 1602 995 plasmatio
1631 918 1869 985 bombis,

510 1026 693 1092 Astra,
724 1020 861 1095 poli,
886 1019 1079 1086 nubes,
1118 1024 1171 1073 et
1199 1016 1459 1072 machina
1489 1021 1686 1072 cuncta
1716 1012 1996 1085 polorum,

511 1112 739 1187 Solque,
788 1123 1050 1181 sororque
1071 1119 1117 1176 ι,
1159 1105 1338 1174 nives,
1369 1102 1739 1177 lymphaque,
1772 1107 1827 1155 et
1878 1098 2109 1170 spiritus

1875 1188 2102 1263 [omnis,

512 1292 737 1359 Cauma,
771 1286 1026 1362 geluque,
1056 1284 1195 1353 dies,
1219 1288 1273 1339 et
1303 1280 1486 1337 densa
1512 1278 1705 1335 nubila
1735 1278 1934 1334 noctis.

513 1379 811 1450 Aridaque,
840 1381 895 1431 et
922 1380 1156 1440 montes,
1187 1370 1377 1438 colles,
1413 1377 1468 1425 et
1499 1367 1700 1423 caerula
1727 1367 1905 1439 ponti,

514 1466 900 1538 Fluminaque,
930 1470 986 1519 et
1014 1462 1212 1529 fontes,
1247 1459 1378 1516 exin
1409 1457 1659 1513 viventia
1682 1464 1902 1525 cuncta,

515 1556 753 1628 Quaque
783 1552 937 1608 vehit
965 1551 1146 1619 tellus,
1178 1566 1270 1606 aer
1290 1565 1413 1621 quae
1442 1546 1700 1620 provehit
1727 1547 1897 1614 altus,

518 1647 651 1715 Qua:
672 1645 827 1702 vehit
868 1659 1150 1717 aequoreus
1183 1642 1430 1698 diversos
1460 1655 1656 1713 gurges
1690 1638 1748 1693 in
1781 1653 1936 1693 usus.

594 1734 715 1791 178.
748 1734 892 1805 Ergo
921 1748 1038 1804 age,
1063 1737 1116 1787 et
1144 1730 1343 1786 oblatis
1372 1745 1610 1801 praesens
1641 1726 1867 1782 illabere
1898 1725 2043 1780 votis

519 1822 787 1897 Quodque
816 1822 945 1878 dare
968 1821 1196 1893 placuit,
1228 1821 1436 1892 placeat
1459 1827 1674 1889 captare
1697 1817 1934 1873 libenter
1958 1833 1971 1881 ;

521 1912 593 1969 Ut
617 1910 895 1983 quondam
925 1909 1159 1964 minimo
1188 1908 1411 1964 viduam
1443 1907 1746 1978 quadrante
1774 1904 1951 1960 beasti
1980 1923 1993 1971 ;

522 2005 945 2074 Ignoscensque,
984 2017 1115 2055 meae
1142 1999 1477 2069 disrumpito
1511 1998 1736 2052 vincula
1765 1998 1941 2066 culpa:
1976 2012 1987 2048 ε

522 2090 696 2146 Multa
725 2103 959 2159 namque
988 2103 1207 2157 premor
1237 2086 1534 2140 formidine
1562 2083 1983 2155 suppliciorum.

525 2180 633 2246 En,
665 2177 839 2231 vitam
862 2175 1119 2231 miseram
1146 2173 1260 2245 jam
1287 2176 1433 2229 trina
1463 2173 1729 2228 decennia
1758 2179 1998 2240 versant,

527 2268 771 2328 Additur
795 2268 883 2324 his
907 2283 1104 2332 annus,
1137 2283 1257 2321 aevo
1293 2266 1581 2337 gliscente,
1613 2265 1920 2331 secundus;

526 2359 721 2431 Meque
741 2356 872 2413 boni
903 2355 1204 2428 quidquam
1227 2369 1511 2426 nunquam
1545 2352 1791 2425 gessisse,
1827 2351 2121 2410 recordor:

528 2446 672 2504 Hinc
700 2463 845 2503 curre
871 2444 1181 2512 stimulant,
1214 2450 1269 2498 et
1298 2442 1500 2497 mentis
1529 2441 1596 2496 ad
1618 2441 1821 2497 intima
1851 2442 2127 2497 mordent.

527 2539 647 2595 Jam
677 2536 890 2608 lapsum
926 2535 1109 2590 releva
1134 2533 1280 2605 ;jam
1305 2550 1473 2605 purga
1506 2534 1689 2598 sorde,
1723 2533 1979 2598 Creator;

527 2626 687 2680 Exue
714 2622 1029 2696 praeteritis,
1061 2622 1426 2693 praesentibus
1455 2629 1619 2693 atque
1648 2630 1820 2687 tuere,

531 2714 983 2785 Praeceutumque
1011 2711 1142 2769 satis
1165 2728 1197 2767 a
1215 2712 1393 2784 culpis
1417 2712 1583 2768 redde
1611 2711 1835 2767 futuris.

604 2880 631 2911 ι
656 2856 720 2912 Id
750 2863 852 2924 est,
890 2857 1039 2911 luna.

1503 232 1742 291 IIERICI
1778 228 2102 289 MONACHI
2139 221 2795 285 ANTISSIODORENSIS

3658 212 3809 270 1208

2117 379 2167 436 A
2199 383 2279 438 Da
2307 377 2622 435 meminisse
2652 374 2914 443 tui,sicut
2943 368 3260 427 meminisse
3288 382 3509 423 necesse
3557 373 3664 432 est,

2206 472 2333 529 Vita
2353 470 2504 542 prius
2529 474 2691 539 rupto
2712 481 2876 538 quam
2896 461 3110 519 diﬁluat
3128 475 3290 515 aurea
3317 457 3511 524 ductu,

2208 560 2469 620 Eii'undat
2492 556 2730 630 liquidas
2760 554 2985 609 funisve
3013 557 3303 622 argenteus
3332 547 3528 613 undas,

2209 651 2282 707 Et
2300 651 2535 707 cisterna
2568 654 2767 712 rotam,
2808 645 2929 699 fons
2976 641 3184 698 inﬂuus
3214 644 3415 693 atterat
3441 650 3643 691 urnam
3693 654 3708 691 ;

2212 741 2374 807 Tum,
2405 736 2733 812 quandoque
2773 746 2801 786 b
2826 749 2957 812 meae
2985 727 3175 786 tenuis
3198 726 3511 783 substantia
3543 724 3681 781 vitae

2215 827 2459 901 Liquerit
2488 826 2588 881 hos
2612 832 2781 891 artus,
2814 830 2868 878 et
2896 819 3238 877 conclamata
3262 814 3472 887 jacebit

2213 918 2463 977 Materies
2487 914 2706 982 cineris,
2740 922 2802 969 tu
2830 912 3072 969 clemens
3103 922 3262 980 parce
3289 904 3643 976 Redemptor,

2215 1009 2293 1065 Ne
2331 1023 2416 1062 me
2440 1004 2665 1061 tartarei
2696 1002 2873 1074 rapiat
2904 999 2988 1054 vis
3018 999 3135 1054 ulla
3164 994 3432 1062 ministri,

2215 1098 2334 1155 Neu
2387 1103 2542 1151 voret
2581 1093 2725 1149 hanc
2782 1090 3024 1146 animam
3079 1086 3403 1144 truculenta:
3453 1085 3679 1140 ﬂamma
3738 1102 3825 1157 ge-

3574 1176 3822 1250 [bennre

2219 1278 2467 1350 Cumque
2505 1283 2559 1331 et
2586 1270 2959 1350 quadriﬁdum
2984 1270 3113 1327 ﬁnis
3135 1269 3507 1341 absumpserit
3539 1269 3656 1337 (8.,
3694 1282 3826 1321 con-

3229 1357 3572 1431 [sumpserit)
3607 1354 3824 1422 orbem,

2221 1458 2567 1532 Atluerisque
2599 1457 2682 1513 tui
2712 1455 2885 1528 judex
2915 1454 2969 1509 in
2994 1451 3224 1509 numine
3254 1451 3460 1518 Patris,

2220 1549 2500 1606 Iudicium
2531 1546 2685 1602 libris
2715 1553 3005 1616 tecumque
3035 1540 3249 1598 sedebit
3286 1538 3515 1611 apertis,

2223 1640 2375 1697 Heu!
2410 1638 2533 1710 quis
2570 1654 2656 1692 me
2685 1634 2919 1691 instanti
2952 1644 3068 1691 tum
3098 1631 3407 1688 defensabit
3427 1629 3495 1685 ab
3527 1629 3609 1684 ira
3630 1628 3659 1684 ’ἲ

2223 1728 2531 1785 Subnixum
2566 1726 2771 1795 trabea,
2802 1724 2999 1797 praesul
3033 1723 3325 1788 Germane,
3349 1719 3582 1792 perenni

2225 1819 2378 1873 Tunc
2400 1817 2542 1872 inter
2560 1831 2806 1887 proceres
2834 1822 2887 1869 te
2920 1827 3141 1868 cernere
3168 1811 3331 1867 credo
3361 1822 3633 1880 supernos
3669 1824 3681 1861 :

2227 1909 2370 1978 Ergo
2401 1905 2480 1959 tui
2515 1913 2651 1971 tum,
2683 1912 2867 1959 sancte
2900 1903 3078 1969 Pater,
3109 1899 3448 1954 miserescito
3478 1896 3659 1962 vatis;

2229 1996 2476 2065 Cumque
2509 1993 2674 2049 olidis
2720 1992 2974 2048 vinctum
3029 1992 3154 2062 [B.,
3182 1988 3466 2059 junctum]
3511 1986 3829 2058 despexeris

3384 2077 3627 2149 [eminus
3654 2076 3831 2131 haedis

2234 2171 2320 2244 (Id
2358 2170 2498 2226 mihi
2528 2186 2655 2226 nam
2684 2169 2955 2243 spondent
2983 2169 3249 2226 scelerum
3282 2174 3644 2221 monumenta
3674 2182 3830 2220 meo-

3659 2257 3825 2327 imm)

2234 2351 2373 2407 Tum
2402 2351 2599 2420 Regem
2626 2348 2876 2421 precibus
2901 2347 3117 2420 pulsare
3148 2352 3425 2402 memento
3451 2344 3737 2416 benignis.

2235 2441 2511 2497 Flectetur
2547 2446 2712 2505 certe,
2736 2437 2883 2493 dicet
2914 2437 3196 2509 flexusque
3227 2436 3483 2491 ministro
3530 2454 3541 2490 :

2237 2529 2541 2587 Germanus
2572 2527 2745 2599 poscit
2772 2545 2785 2593 ;
2812 2542 2919 2581 non
2952 2527 3030 2581 fas
3047 2526 3320 2598 sprevisse
3343 2532 3661 2597 precantem
3690 2544 3703 2591 ;

2241 2622 2397 2675 Hunc
2417 2618 2632 2673 haedum
2656 2618 2848 2673 niveos
2865 2615 3271 2689 quamprimum
3295 2616 3532 2671 transfer
3550 2617 3609 2671 in
3634 2632 3800 2687 agnos
3824 2658 3832 2668 .

2240 2709 2429 2781 Agnus
2460 2714 2545 2761 eat
2568 2706 2779 2775 dexter,
2806 2706 3097 2762 decoretur
3127 2706 3331 2763 vellere
3361 2705 3623 2778 pulchro.

2314 2860 2342 2901 b
2370 2854 2475 2909 Pro
2502 2852 2939 2925 quandocunque.

1077 3109 1847 3222 MIRACULA
1974 3112 2495 3224 SANCTI
2620 3113 3287 3224 GERMANI

1715 3310 1992 3360 EPISCOPI
2049 3311 2657 3371 ANTISSIODORENSIS,

1535 3430 1889 3495 AUCTORE
1920 3431 2181 3496 EODEM
2217 3431 2498 3496 HERICO
2540 3430 2934 3495 MONACHO.

706 3566 798 3630 Ex
824 3564 1200 3643 pervetusto
1230 3560 1453 3628 codice
1482 3566 1899 3630 membraneo
1930 3559 2343 3707 Luggglrlietnsi
2380 3578 2528 3626 cum
2561 3560 2700 3627 aliis
2752 3578 2909 3629 mss.
2942 3565 3005 3629 et
3036 3560 3316 3628 editione
3342 3565 3509 3628 Labb

2192 3660 2226 3705 a
2258 3660 2319 3707 Ο.

2192 3660 2319 3707 διο.

1676 3774 1855 3847 (Apud
1892 3774 2171 3842 Bolland.,
2202 3773 2339 3831 Julii
2371 3779 2525 3831 torno
2554 3776 2695 3849 VII.)

1582 3978 2147 4057 PROLOGUS
2234 3980 2807 4057 AUCTORIS.

2048 4145 2127 4159 -‘d

622 4232 671 4288 1.
700 4230 885 4288 Vitam
903 4237 957 4286 et
983 4229 1248 4287 Miracula
1268 4231 1584 4303 apostolicae
1608 4232 1891 4290 memoriae
1907 4249 2024 4288 sum
2035 4248 2142 4285 ma-

548 4337 654 4396 que
707 4335 834 4377 cum
882 4320 1187 4375 reverentia
1244 4321 1575 4377 nominandi
1625 4322 1815 4377 domni
1881 4320 2137 4377 Germani

547 4408 811 4481 episcopi,
840 4408 1048 4480 absque
1100 4408 1233 4464 ullis
1266 4410 1576 4465 litterarum
1626 4411 1897 4483 praesidiis
1940 4410 2141 4480 inope-

550 4514 695 4565 roso,
728 4497 815 4552 vel
843 4498 1027 4570 potius
1047 4498 1298 4570 profano,
1326 4499 1555 4569 diutius,
1581 4517 1743 4572 quam
1771 4501 1877 4555 fuit
1897 4517 2139 4573 aequum,

548 4587 773 4643 latuisse
792 4586 1035 4656 silentio,
1065 4590 1317 4644 consulta
1336 4589 1658 4660 diligentius
1681 4590 1937 4661 magistra
1957 4606 2137 4645 rerum

546 4683 780 4731 testatur
807 4676 1127 4748 antiquitas.
1161 4675 1387 4733 Constat
1417 4693 1654 4749 namque
1689 4677 1757 4733 ad
1786 4679 1958 4734 sancti
1992 4678 2141 4735 Cen-

548 4764 685 4820 surii
714 4765 956 4836 episcopi
1002 4773 1269 4838 tempora,
1302 4768 1395 4839 qui
1444 4775 1672 4840 quartus
1718 4776 1839 4841 post
1890 4768 2140 4823 beatissi-

547 4870 697 4910 mum
728 4854 1064 4911 Germanum
1081 4857 1228 4913 rexit
1248 4858 1550 4915 Ecclesiam
1575 4858 2138 4924 Antissiodorensem,

546 4944 878 5001 intentatum
924 4944 1182 5001 omnibus
1223 4944 1281 5001 id
1314 4948 1617 5019 perstitisse
1669 4948 1972 5018 negotium,
2005 4948 2136 5003 dum

544 5051 640 5107 per
673 5051 957 5093 successus
1004 5043 1315 5109 temporum
1359 5036 1612 5109 juniores
1659 5038 1864 5110 quique
1895 5037 2134 5108 simplici

542 5124 822 5181 seniorum
858 5125 1121 5182 relatione
1151 5126 1419 5195 contenti,
1444 5142 1727 5200 nunquam
1762 5126 1879 5183 haec
1906 5126 2136 5183 arbitra-

540 5216 743 5274 bantur
761 5232 792 5272 a
819 5218 1083 5274 memoria
1113 5234 1269 5291 posse
1288 5218 1654 5285 obsolescere;
1686 5216 2133 5290 quandoquidem

541 5307 786 5379 vulgaris
817 5306 1163 5364 inurbanitas
1192 5314 1309 5364 tum
1332 5322 1388 5363 se
1408 5307 1615 5379 optime
1639 5307 1814 5365 credit
1842 5306 2133 5363 diuturni-

538 5395 638 5450 tati
669 5397 998 5470 prospicere,
1042 5413 1168 5455 cum
1206 5397 1446 5453 illustria
1492 5412 1722 5470 quaeque
1769 5405 1824 5454 et
1865 5397 2128 5465 maxima,

537 5484 799 5541 succidua
824 5488 1000 5544 solum
1032 5487 1347 5543 narratione
1376 5486 1442 5543 ad
1475 5494 1718 5559 posteros
1750 5487 1943 5543 fecerit
1969 5502 2129 5541 ema-

536 5584 688 5626 nare.
721 5573 824 5629 Res
860 5574 963 5631 ista
991 5592 1103 5632 non
1140 5574 1335 5631 insana
1371 5574 1555 5632 minus
1584 5591 1746 5649 quam
1787 5574 2125 5648 improvida,

2248 4228 2555 4301 perniciosa
2589 4238 2905 4287 sanctorum
2964 4231 3256 4303 praeconiis
3302 4230 3586 4288 interdum
3635 4230 3842 4304 peperit

2249 4319 2599 4387 detrimenta,
2656 4323 2801 4394 quod
2862 4324 2957 4395 qui
3014 4322 3287 4395 imperita;
3329 4322 3629 4378 rusticitati
3682 4321 3843 4377 ﬁdem

2254 4422 2479 4483 astruat,
2539 4431 2723 4470 rarum
2762 4431 3032 4488 quemque
3090 4416 3360 4488 reperias;
3413 4418 3548 4472 dum
3614 4432 3695 4482 ea,
3728 4432 3845 4487 qm:

2249 4504 2505 4571 afferunt,
2541 4504 2739 4575 partim
2768 4503 3034 4570 fabulosa,
3057 4503 3242 4574 inepta
3271 4503 3472 4574 partim
3502 4511 3556 4559 et
3590 4503 3848 4569 ridicula,

2251 4613 2451 4669 perque
2482 4596 2586 4652 hoc
2618 4596 2919 4652 litterarum
2953 4596 3207 4652 sacrariis
3226 4596 3572 4652 aestimantur
3597 4594 3848 4665 indigna.

2250 4685 2331 4739 Ita
2360 4683 2563 4739 factum
2595 4692 2695 4752 est,
2729 4692 2790 4739 ut
2816 4684 3065 4755 quaedam
3099 4685 3349 4756 ignorata
3382 4686 3621 4756 penitus,
3643 4685 3754 4739 alia
3782 4685 3852 4739 ad

2250 4772 2661 4829 succedentium
2692 4772 2948 4828 notitiam
2984 4772 3253 4829 insincere
3295 4774 3593 4841 manantia,
3634 4773 3857 4828 multo—

2250 4877 2371 4916 rum
2401 4868 2454 4916 et
2493 4878 2814 4932 magnorum
2855 4869 3171 4919 sanctorum
3215 4862 3503 4936 praecelsas
3552 4863 3856 4918 memorias

2250 4949 2714 5006 inoﬂiciosissime
2742 4950 3112 5007 obscurarint.

2319 5040 2370 5097 2.
2410 5040 2568 5106 Quod
2598 5040 2644 5095 si
2679 5041 2935 5113 cuiquam
2971 5042 3109 5098 forte
3139 5041 3359 5097 curioso
3396 5055 3600 5106 rerum,
3636 5054 3700 5093 ea
3730 5054 3855 5110 quae

2247 5131 2306 5186 in
2344 5129 2521 5186 Gestis
2551 5128 2618 5184 de
2663 5137 2815 5185 tanto
2865 5131 3123 5187 feruntur
3167 5130 3436 5196 antistite,
3492 5127 3682 5183 minus
3716 5136 3852 5187 rata.

2245 5220 2429 5275 minus
2456 5219 2651 5291 plena;
2669 5217 2853 5274 minus
2872 5219 3110 5292 denique
3164 5220 3394 5276 veritate
3426 5216 3673 5273 subnixa
3703 5216 3854 5271 vide-

2242 5314 2425 5375 antur,
2482 5306 2629 5379 quod
2669 5306 2838 5377 prius,
2898 5323 3061 5379 quam
3109 5308 3226 5364 haec
3274 5306 3593 5373 ederentur,
3638 5304 3854 5377 aliquot

2243 5406 2549 5468 temporum
2601 5394 2865 5451 dicuntur
2916 5396 3288 5452 interﬂuxisse
3344 5393 3659 5459 curricula;
3697 5393 3853 5449 hunc

2241 5491 2488 5558 inspecta
2507 5482 2724 5538 ratione
2746 5482 3088 5553 diligentius,
3121 5484 3268 5557 quod
3292 5499 3399 5539 non
3434 5482 3603 5554 probe
3624 5480 3851 5543 sentiat.

2236 5575 2500 5631 adhibitae
2520 5581 2687 5629 vetus
2700 5570 2827 5628 tatis
2846 5573 3153 5645 patrocinio
3170 5574 3519 5647 castigamus.
3536 5568 3855 5643 Siquidem,
