4074 6186
275 186 417 246 1209
1222 190 1317 246 DE
1356 185 1735 246 MIRACULIS
1774 185 1884 247 ελ

1961 185 2167 245 IRMAN
2171 188 2211 245 Ι.
2252 188 2638 248 PROLOGUS.
3065 252 3068 255 ,
3436 194 3570 256 1210

272 353 337 403 ut
368 345 427 400 in
452 349 652 400 nostra;
682 340 922 398 archivis
950 340 1193 399 ecclesiae
1221 349 1542 397 annotatum
1574 340 1864 411 reperitur,
1897 340 1948 399 A
1976 354 2062 395 res
2090 341 2320 408 eluceat,
2353 342 2531 415 primo
2559 343 2645 400 sui
2672 344 2854 417 operis
2882 345 3030 402 libro
3060 345 3259 404 acriter
3277 346 3484 419 diuque
3505 346 3567 402 in

271 434 591 493 beatissimo
646 433 918 490 Germano
967 432 1130 489 rebus
1174 441 1431 504 exempto
1478 430 1757 499 humanis,
1810 430 1867 485 in
1980 427 2288 499 impudicos
2318 431 2591 503 invectus,
2622 435 2787 490 refert
2816 451 2907 491 eos
2945 435 3282 492 conscientia
3314 436 3556 513 frequen

271 525 647 598 episcopatum
677 522 938 579 suﬁ'ectus
973 521 1225 589 Alodius,
1260 521 1486 593 triginta
1512 521 1682 576 ferme
1709 519 1869 575 annis
1980 516 2077 572 tati
2107 519 2330 574 sceleris
2350 521 2575 592 perinde
2605 524 2919 596 pallescere,

270 612 628 687 pontiﬁcatus
648 611 732 667 sui
752 612 1097 668 functionem
1114 610 1376 683 explevit.
1402 611 1517 665 Hoc
1541 610 1655 665 vita
1677 608 1867 665 defun-
2128 607 2202 658 UL
2230 609 2627 669 Lugdunensem
2653 613 2825 661 τιωιοτ
2851 613 3084 663 dicturus
3112 612 3177 662 ad
3202 627 3341 661 aram
3365 630 3409 661 ι,

267 712 381 771 cto,
413 702 483 759 oh
513 701 719 757 rabiem
753 700 1150 773 emergentium
1192 701 1337 755 intra
1368 699 1571 755 Gallias
1600 699 1868 755 barbaro-
1977 698 2057 753 Ita
2105 698 2293 765 claret,
2335 698 2477 755 hanc
2523 701 2862 772 sapientibus
2908 712 2961 759 et
3004 703 3211 777 palmas
3258 709 3309 759 et
3339 704 3567 761 nomina

267 811 417 862 rum,
448 792 833 850 ecclesiasticae
857 791 1129 848 libertatis
1161 808 1336 847 mersa
1356 791 1665 863 privilegia,
1690 789 1867 863 digui-
1977 786 2111 841 olim
2143 787 2310 844 fuisse
2342 789 2612 860 largitam.

266 891 348 940 tas
378 882 597 950 obruta,
621 881 883 954 splendor
912 880 1162 949 obtusus,
1186 881 1300 936 vim
1326 880 1625 938 Christiani
1654 879 1867 936 roboris
2045 876 2097 932 ὅ.
2156 877 2282 933 Haec
2330 878 2485 934 brevi
2541 880 2987 952 perstrinximus,
3039 891 3101 938 ut
3164 884 3436 952 advertas,
3494 885 3563 942 ad

264 980 521 1030 cunctam
556 972 954 1044 perdiderunt;
998 974 1184 1045 itaque
1204 971 1405 1028 civitas
1423 970 1679 1042 episcopo
1696 969 1865 1025 vidua
1974 965 2121 1021 beati
2175 968 2433 1023 Germani
2483 971 2827 1027 retractanda
2868 970 3135 1027 miracula
3165 987 3193 1024 e
3244 979 3397 1026 tanta
3421 973 3556 1028 urbe

263 1063 451 1121 decem
491 1062 790 1134 permansit
833 1064 1011 1129 annis,
1045 1062 1248 1134 quibus
1292 1061 1600 1129 transactis,
1636 1062 1863 1116 Frater—
1972 1070 2082 1109 non
2114 1054 2431 1128 imperitum
2471 1073 2763 1131 quemque,
2795 1076 2986 1115 verum
3025 1058 3565 1133 eloquentissimum,

262 1168 386 1219 nus,
419 1167 453 1206 a
480 1150 639 1207 beato
672 1151 944 1207 Germano
982 1150 1181 1208 tertius
1223 1149 1571 1223 pontiﬁcatui
1602 1148 1860 1221 subroga-
1969 1143 2202 1198 ascitum
2232 1144 2321 1199 sui
2349 1144 2624 1201 industria
2644 1147 2942 1218 pontiﬁcis,
2966 1147 3273 1204 accessisse.
3306 1148 3412 1215 Qui
3438 1149 3562 1217 etsi,

259 1248 365 1296 ius.
404 1241 457 1296 Is
486 1256 593 1314 qua
621 1240 709 1296 die
739 1240 1042 1308 ordinatus,
1076 1239 1265 1294 eadem
1306 1253 1523 1310 quoque
1552 1238 1620 1293 ab
1653 1237 1858 1293 eisdem
1969 1238 2030 1286 ut
2059 1230 2293 1303 subjecti
2325 1233 2507 1305 operis
2536 1242 2767 1289 testatur
2796 1237 3106 1307 prmsentia,
3138 1237 3393 1293 facundia
3423 1253 3567 1293 cou-

258 1329 505 1386 barbaris
533 1329 934 1402 interemptus;
977 1329 1248 1400 martyrio
1272 1334 1564 1385 coronatus
1584 1334 1684 1383 est.
1719 1326 1860 1382 lluic
1968 1321 2209 1392 spicuus,
2244 1322 2480 1381 modicis
2513 1333 2568 1381 et
2608 1324 2876 1382 absolutis
2915 1327 3205 1382 sententiis
3232 1327 3563 1395 aﬁ‘erendus,

259 1417 692 1491 praenominatus
740 1417 1039 1475 Censurius
1085 1426 1281 1491 quarto
1321 1416 1679 1473 substituitur
1712 1417 1852 1471 loco.
1968 1408 2257 1467 brevitatis
2297 1412 2729 1482 amantissimus,
2768 1414 2983 1471 fastidii
3031 1416 3270 1489 denique
3316 1416 3562 1473 evitandi

255 1507 341 1563 Ah
371 1524 600 1564 excessu
636 1506 823 1580 itaque
852 1507 1155 1563 beatissimi
1186 1507 1443 1562 Germani
1480 1506 1549 1562 ad
1592 1506 1741 1561 hunc
1773 1522 1856 1560 us-
1968 1501 2092 1571 plus
2118 1516 2273 1573 aequo
2303 1502 2583 1559 studiosus
2604 1504 2857 1572 exstitit;
2904 1505 3350 1579 praesumptionis
3383 1515 3563 1563 tamen

254 1612 360 1669 que
390 1596 720 1654 Censurium
755 1596 875 1667 plus
914 1597 1098 1652 minus
1127 1595 1490 1668 quadraginta
1518 1595 1858 1667 colliguntur
1968 1605 2023 1644 se
2051 1606 2206 1646 reum
2236 1608 2555 1663 coarguens,
2590 1610 2699 1648 non
2730 1593 2934 1667 absque
2960 1595 3185 1666 pudoris
3211 1595 3564 1651 cunctamine

251 1685 386 1742 anni
416 1693 766 1758 suprataxato
790 1686 983 1742 ordine
1012 1686 1381 1743 decurrentes.
1872 1695 1913 1753 Β
1993 1688 2134 1734 antae
2160 1697 2215 1736 se
2253 1681 2596 1739 difﬁcultatis
2622 1698 2811 1755 operas
2838 1684 3195 1757 insumpsisse
3234 1685 3459 1752 fatetur,
3492 1700 3563 1740 ex

326 1774 382 1830 3.
422 1775 474 1830 Is
515 1792 642 1830 cum
689 1774 1047 1832 ecclesiastici
1092 1776 1365 1847 primatus
1410 1774 1641 1846 polleret
1670 1773 1851 1846 digni-
1967 1785 2076 1826 suae
2108 1771 2337 1827 omnino
2383 1771 2717 1829 humilitatis
2764 1774 2982 1846 ahjectu
3026 1775 3435 1848 justiﬁcandus,
3484 1784 3557 1845 et,

256 1872 395 1933 tate,
420 1865 772 1923 Constantius
802 1867 1054 1937 Lugduni
1084 1866 1329 1939 impense
1357 1864 1729 1934 doctissimus,
1753 1866 1852 1920 im-
1965 1867 2326 1932 praeterquam
2359 1861 2505 1933 quod
2534 1864 2712 1918 sciens
2746 1866 2904 1935 plura
2932 1866 3220 1937 praeteriit,
3256 1865 3562 1922 multifaria

252 1953 423 2024 pulsu
451 1956 539 2010 vel
570 1954 822 2026 precibus
849 1955 1023 2011 sancti
1064 1953 1349 2022 Patientis,
1381 1953 1500 2024 ejus
1538 1961 1672 2009 tunc
1698 1953 1852 2008 urbis
1965 1948 2126 2004 laude
2168 1948 2543 2019 dignissimus.
2585 1952 2735 2023 Opus
2777 1969 2907 2008 sane
2943 1954 3279 2022 confectum,
3312 1970 3559 2027 operosa-

250 2046 521 2118 episcopi,
575 2046 779 2101 librum
825 2047 893 2101 de
938 2047 1056 2101 vita
1100 2054 1152 2101 et
1198 2045 1502 2100 virtutibus
1546 2043 1849 2101 beatissimi
1963 2051 2068 2109 que
2097 2037 2239 2109 apud
2270 2054 2327 2092 se
2370 2037 2466 2092 diu
2498 2055 2760 2110 repexum
2807 2041 3118 2112 diligentia,
3150 2042 3379 2097 obtentu
3412 2059 3561 2113 prae-

247 2132 516 2189 Germani
566 2134 707 2187 mira
745 2134 1141 2188 sententiarum
1182 2133 1469 2203 elegantia,
1520 2133 1851 2204 copiosoqne
1963 2125 2425 2180 nominatisancti
2448 2125 2698 2182 Censurii
2721 2128 3187 2184 Autissiodurensi
3208 2129 3559 2201 postmodum

245 2223 473 2280 delectu
512 2223 811 2279 verborum
855 2223 1315 2280 excellentissime
1344 2221 1558 2288 edidit;
1598 2239 1723 2277 cum
1757 2238 1851 2291 per
1962 2212 2566 2284 direxitecclesimﬁpso
2588 2224 2808 2271 auctore
2836 2216 3054 2287 longius
3071 2218 3555 2290 promulgandum.

244 2331 343 2372 ora
372 2322 700 2370 cunctorum
734 2312 909 2368 sancti
943 2327 1131 2368 recens
1159 2310 1340 2367 adhuc
1372 2310 1604 2382 spiraret
1634 2326 1852 2366 memo—
1962 2299 2067 2354 Ubi
2094 2301 2355 2371 quoniam
2386 2303 2640 2370 veritate,
2686 2304 2772 2358 011i
2814 2304 3045 2360 minime
3071 2307 3211 2376 grati
3242 2308 3557 2378 existimus,

244 2405 349 2473 ria,
386 2404 700 2476 pluresque,
734 2401 828 2474 qui
861 2418 988 2457 eum
1029 2401 1314 2471 degentem
1345 2401 1546 2456 saeculo
1575 2401 1846 2469 viderant,
1962 2395 2196 2476 εθδῖίηυτ
2243 2391 2418 2444 Deum
2470 2392 2759 2447 οοηδοίιιῐη
2810 2402 3167 2462 secretorum.
3201 2411 3258 2450 se
3306 2397 3461 2467 Plura
3491 2398 3559 2467 de

243 2475 626 2567 superessent;
669 2509 903 2566 quorum
937 2490 1244 2547 indubitata
1279 2492 1493 2560 relatio,
1540 2490 1849 2547 sanctitatis
1962 2475 2153 2533 ἀοωηί
2185 2477 2444 2534 Germani
2473 2479 2632 2535 Ῑδϐῑίδ
2658 2480 2844 2551 agnita
2874 2489 2928 2536 ει
2949 2482 3176 2553 Promta
3206 2484 3438 2539 tacuisse
3464 2486 3557 2554 (9X

244 2584 363 2656 ejus
395 2583 668 2656 magnalia
699 2599 833 2655 pura
869 2581 1069 2650 adhuc,
1103 2588 1156 2636 et
1195 2579 1431 2637 necdum
1463 2580 1747 2636 varietatis
1776 2582 1849 2635 la-
1963 2580 2071 2656 Ψξο
2101 2582 2254 2656 Elim
2285 2581 2340 2621 se
2371 2583 2587 2640 quoque
2617 2569 2932 2637 denuntiat,
2960 2571 3379 2642 ειιΡΡΓίωθηίῙο›
3413 2573 3560 2645 (1³οά

243 2653 371 2731 hem
403 2653 676 2746 perpessa,
702 2653 939 2728 ferebat.
982 2672 1093 2728 Nec
1123 2686 1255 2726 vero
1285 2670 1571 2726 abnuerim
1603 2686 1700 2725 sex
1729 2670 1849 2725 illo-
1962 2653 2292 2746 ωίτεὼίιίιοτ
2316 2656 2383 2746 εἶά
2414 2656 2718 2728 Promotum
2741 2660 2993 2715 omnium
3019 2658 3212 2715 άίνίηα
3233 2660 3411 2715 Vinus
3433 2677 3556 2731 οἶδε’

245 2780 366 2818 rum
388 2744 740 2836 pontiﬁcum,
764 2760 859 2833 qui
881 2769 1074 2817 sancto
1095 2758 1285 2814 viroin
1304 2759 1462 2814 Italia
1482 2758 1848 2815 commoranti

1960 2750 2077 2799 rata
2105 2744 2208 2812 est)
2235 2762 2248 2810 ;
2291 2745 2387 2801 diu
2408 2754 2507 2814 est,
2539 2748 2687 2819 quod
2719 2748 2974 2819 religioni
3006 2749 3366 2818 concinnum,
3391 2750 3554 2805 saluti

240 2834 451 2929 jugiter
475 2855 815 2924 assederunt,
844 2854 1060 2926 aliquos
1090 2860 1222 2908 tunc
1244 2868 1465 2925 quoque
1495 2853 1659 2907 rebus
1682 2852 1847 2906 inter-

1960 2834 2331 2905 conducihile,
2376 2836 2727 2893 aediﬁcationi
2767 2846 2911 2894 certe
2957 2838 3264 2908 proﬁcuum
3295 2839 3553 2906 existere,

243 2945 724 3012 fuissehumanis;
765 2945 857 3017 qui
871 2944 1032 3015 juxta
1050 2940 1471 3013 ﬁdemejusdem
1493 2942 1846 3014 historiogra-
1958 2932 2145 2987 animo
2186 2932 2384 2989 indutii
2418 2950 2571 3000 meo;
2612 2934 2658 2989 Si
2706 2933 2900 2988 horum
2936 2935 3140 3006 aliqua,
3177 2951 3299 3008 quae
3346 2934 3553 2989 omissa

245 3034 365 3107 phi,
388 3042 550 3092 testes
570 3051 795 3107 operum
820 3033 972 3089 illius
992 3033 1180 3087 multis
1205 3032 1465 3088 exstitere
1479 3033 1839 3103 temporibus.
1881 3047 1925 3107 ρ
1956 3031 2103 3090 sum,
2138 3038 2326 3094 quaeve
2358 3023 2557 3078 notitia
2584 3024 2841 3094 consequi
2872 3024 3073 3095 potuit,
3105 3024 3172 3078 ab
3199 3024 3383 3096 aliquo
3406 3023 3548 3095 peri-

314 3126 368 3183 4.
404 3128 483 3183 Ea
528 3133 849 3200 tempestate
895 3124 1342 3196 Lugdunensium
1392 3125 1611 3192 civitas,
1665 3126 1845 3197 prima

1399 3125 1611 3192 six/itas,
1665 3126 1845 3197 prima
1954 3111 2157 3166 tiorum
2184 3112 2385 3168 litteris
2413 3113 2636 3182 allegari
2665 3114 3008 3184 contigisset.

242 3235 306 3275 ac
335 3218 609 3290 praecipua
654 3217 979 3284 Galliarum,
1014 3216 1351 3288 professione
1399 3231 1617 3287 quoque
1665 3216 1840 3271 εοίθη.
2024 3200 2075 3255 6.
2117 3200 2273 3265 Quod
2300 3201 2428 3272 quia
2452 3201 2769 3257 ineﬁ‘ectuin
2799 3201 3070 3257 hactenus
3094 3209 3196 3270 est,
3229 3209 3555 3276 constatque

244 3310 358 3379 tiae,
392 3310 700 3382 artiumque
729 3309 1025 3382 disciplina
1054 3309 1199 3364 inter
1228 3323 1419 3363 omnes
1446 3307 1724 3361 extulerat
1754 3324 1843 3363 ca-

1952 3292 2275 3359 certissime,
2309 3292 2443 3362 haec,
2494 3302 2555 3349 ut
2593 3310 2703 3349 non
2734 3293 2959 3366 impune
3007 3293 3293 3365 prateriri,
3332 3294 3407 3349 ita
3436 3310 3549 3349 non

242 3408 342 3471 put
367 3418 379 3455 :
422 3399 627 3455 offensa
651 3416 885 3470 namque
913 3398 1198 3468 sapientia,
1223 3413 1343 3467 quae
1368 3404 1589 3465 propter
1608 3395 1843 3465 seipsam

1954 3383 2293 3439 infructuose
2323 3384 2521 3455 attingi
2547 3402 2561 3451 ;
2603 3400 2917 3456 quanquam
2949 3385 3123 3450 nulla,
3153 3383 3261 3438 nisi
3297 3400 3389 3455 per
3408 3383 3550 3440 divi-

243 3495 461 3544 tantum
491 3483 793 3555 appetenda
833 3491 934 3545 est,
968 3482 1329 3551 quorumdam
1364 3481 1531 3536 lucris
1570 3481 1842 3553 turpibus,
1954 3493 2087 3532 num
2135 3477 2494 3548 adjutorium,
2536 3477 2702 3549 hujus
2750 3478 3138 3550 possibilitatis
3188 3478 3548 3549 conscientia,

240 3580 551 3634 multorum
601 3570 1017 3640 indisciplinata
1068 3570 1202 3635 vita,
1258 3569 1507 3624 omnium
1566 3579 1843 3642 postremo
1953 3583 2066 3622 non
2098 3568 2232 3622 mihi
2263 3569 2483 3641 quidem
2515 3570 2731 3641 meique
2761 3569 3062 3637 similibus,
3090 3570 3301 3626 scilicet
3329 3569 3549 3641 imperi-

233 3666 431 3738 tepide
461 3680 518 3720 se
545 3660 920 3735 appetentium
966 3659 1253 3715 inhonesta
1286 3658 1514 3726 desidia,
1550 3670 1842 3734 praecepto-
1952 3659 2044 3726 tis,
2070 3658 2473 3727 attentandum,
2508 3675 2699 3714 verum
2732 3658 3051 3715 devotionis
3089 3659 3147 3714 in
3191 3661 3389 3728 Deum,
3424 3658 3549 3715 affe-

241 3770 368 3810 rum
405 3752 589 3823 inopia
634 3748 1028 3817 intercedente,
1069 3750 1428 3820 priorumque
1471 3749 1671 3806 studiis
1708 3768 1842 3823 pene
1951 3748 2259 3819 ctionisque
2289 3747 2347 3802 in
2392 3757 2642 3803 sanctum
2689 3750 2913 3820 plenum
2954 3765 3091 3820 opus
3121 3750 3444 3821 aggredior;
3486 3765 3549 3805 eo

238 3841 518 3914 collapsis,
559 3839 726 3911 hujus
756 3847 957 3894 nostrae
1005 3837 1308 3893 exitialiter
1343 3854 1534 3908 perosa
1578 3840 1837 3911 regions,
1952 3839 2123 3911 magis
2151 3838 2209 3895 in
2240 3856 2387 3911 spem
2421 3839 2638 3909 ductus,
2674 3840 2821 3912 quod
2852 3839 2918 3908 is,
2953 3840 3048 3912 qui
3078 3840 3254 3895 totius
3285 3846 3547 3895 creaturae

239 3928 496 4001 Lugduni
525 3930 630 3985 sibi
660 3928 983 4000 aliquandiu
1015 3927 1284 3981 familiare
1313 3927 1703 3983 consistorium
1733 3931 1841 3985 col-
1950 3931 2336 3985 universaliter
2366 3930 2621 3986 laudatur
2648 3930 2853 3998 ofﬁcio,
2896 3928 2943 3984 si
2973 3928 3230 3984 homines
3269 3944 3368 3984 sua
3400 3945 3549 4007 prae-

240 4018 463 4075 locavit.
507 4018 610 4086 Ibi,
643 4034 778 4091 quas
806 4017 1024 4084 dicunt,
1059 4014 1481 4086 disciplinarum
1525 4015 1837 4073 liberalium
1951 4018 2112 4072 conia
2166 4020 2587 4088 suppresserint,
2653 4019 2862 4089 lapides
2932 4016 3127 4072 asserit
3194 4017 3543 4072 clamaturos.

243 4108 458 4178 peritia,
492 4124 734 4180 quasque
767 4105 962 4162 ordine
993 4121 1215 4160 currere
1248 4104 1352 4161 hoc
1380 4113 1627 4177 tempore
1658 4106 1843 4162 fabula
1950 4105 2197 4175 Suscepti
2229 4107 2433 4175 negotii
2480 4123 2599 4160 earn
2645 4108 2900 4161 ducimus
2942 4106 3361 4178 dispositionem
3404 4123 3547 4163 con-

245 4205 458 4253 tautum
508 4204 609 4266 est,
665 4213 730 4251 eo
773 4212 946 4268 usque
994 4189 1302 4263 convaluit,
1353 4202 1416 4250 ut
1461 4205 1726 4268 quantum
1774 4196 1840 4251 ad
1950 4203 2093 4248 stare
2145 4192 2500 4258 ratissimam,
2548 4192 2595 4245 si
2631 4208 2841 4256 eorum,
2892 4207 3011 4261 quae
3063 4200 3189 4247 ante
3245 4197 3543 4263 gloriosum

243 4286 476 4356 scholas,
532 4286 817 4358 publicum
866 4285 1235 4356 appellaretur
1290 4285 1636 4341 citramarini
1694 4286 1842 4341 orbis
1951 4282 2068 4354 ejus
2099 4281 2390 4338 transitum
2434 4297 2530 4353 per
2566 4296 2690 4335 eum
2722 4285 2949 4350 patrata,
2984 4279 3250 4335 relatione
3283 4282 3414 4336 satis
3451 4300 3547 4338 as-

244 4378 726 4450 gymnasium.Et,
767 4375 1054 4447 utaliquid
1076 4375 1306 4431 rationis
1326 4375 1519 4431 afferre
1542 4376 1749 4445 videar,
1773 4394 1835 4432 eo
1866 4397 1916 4455 ι)
1950 4382 2094 4430 serta
2144 4373 2419 4439 feruntur,
2471 4370 2655 4442 aliqua
2697 4368 3118 4441 praemittentes,
3170 4369 3239 4423 ad
3286 4369 3382 4424 illa
3426 4387 3546 4442 qua)

243 4465 301 4521 id
337 4474 660 4538 argumento
697 4465 1031 4537 colligimus,
1066 4464 1216 4537 quod
1246 4464 1480 4537 quisque
1514 4467 1637 4538 (pro
1672 4465 1834 4539 quis~
1949 4472 2070 4536 post
2110 4461 2179 4518 ad
2225 4476 2435 4516 sacram
2482 4459 2600 4530 ejus
2643 4456 2963 4513 memoriam
3018 4456 3138 4513 ﬁeri
3194 4457 3460 4527 vidimus,
3493 4466 3546 4515 et

245 4554 389 4627 quis)
427 4555 628 4610 artium
672 4554 1105 4626 proﬁtendarum
1151 4553 1458 4611 adiceretur
1486 4554 1689 4623 studio,
1725 4573 1830 4611 non
1946 4557 2087 4612 facta
2136 4554 2456 4621 didicimus,
2499 4551 2692 4607 ordine
2745 4549 3132 4622 proveliamur.
3196 4550 3425 4617 Verum,
3466 4566 3536 4606 ne

244 4653 366 4699 ante
390 4644 648 4716 professis
678 4643 908 4699 inscribi
956 4642 1286 4710 merebatur,
1318 4658 1480 4714 quam
1514 4643 1623 4700 huc
1649 4646 1831 4718 explo-
1942 4645 2222 4704 succincte
2268 4644 2420 4715 operi
2468 4648 2781 4699 succenseat
2822 4639 3107 4712 praefatum
3156 4639 3431 4713 prolixius
3464 4640 3545 4712 (id

244 4740 357 4787 rata
385 4732 675 4805 diligentia
702 4732 1048 4788 examinatus
1074 4730 1269 4787 abiret.
1314 4730 1415 4789 Cui
1443 4731 1523 4787 rei
1553 4732 1834 4804 Satyricus
1943 4741 2033 4803 est,
2066 4732 2310 4804 praefatio
2342 4731 2661 4804 prolixior),
2692 4730 2975 4788 animante
2998 4730 3258 4800 Domino,
3298 4730 3368 4786 ad
3404 4746 3544 4803 pro-

246 4834 457 4894 quoque
482 4822 851 4893 astipulatur;
894 4821 1011 4895 qui,
1054 4827 1116 4875 ut
1143 4820 1385 4891 exempli
1420 4822 1835 4882 circumstantia
1943 4824 2187 4898 positum
2214 4822 2558 4881 accedamus.

312 5011 335 5039 ι
367 4986 649 5064 Iuvenalis
681 4987 830 5064 lib._i
852 4987 1200 5064 S_atyrar_um,
1231 5000 1395 5041 versu
1424 4985 1513 5057 44,
1543 4988 1703 5063 cujus
1732 4991 2135 5064 expositionem
2156 4990 2250 5048 dat
2281 4990 2533 5063 Papirius
2559 4989 2844 5048 Massonus
2866 4987 2925 5043 in
2952 4986 3331 5060 Descriptione
3362 4983 3541 5041 ﬂumi-

248 5072 373 5113 num
406 5058 619 5128 Galliaa,
650 5059 746 5115 ubi
773 5059 840 5116 de
864 5055 1033 5115 Arare
1062 5055 1259 5111 ﬂuvio.
