4066 6190
492 230 631 291 1211

1495 224 1735 286 HERICI
1772 223 2092 283 MONACHI
2128 218 2788 282 ANTISSIODORENSIS

3665 222 3824 281 1212

1800 526 2066 601 LIBER
2119 525 2479 600 PRIMUS.

1011 809 1239 868 CAPUT
1276 810 1572 867 PRIMUM.

504 902 560 961 S.
605 897 856 959 Germani
881 900 1202 971 colloquium
1227 917 1344 955 cum
1374 900 1632 971 discipulo
1660 898 1924 969 defuncto,
1952 917 2091 956 mor-

574 972 652 1029 tui
679 971 1026 1041 resuscitatio,
1054 972 1267 1043 aliaque
1294 972 1512 1027 viventis
1540 972 1823 1028 miracula.

576 1093 627 1149 7.
667 1092 871 1148 Itinera
909 1090 1081 1148 sancti
1112 1091 1218 1146 viri
1248 1090 1564 1148 coelestibus
1593 1105 1806 1161 semper
1831 1088 2095 1146 claruisse

503 1183 808 1251 miraculis,
838 1189 892 1238 et
938 1188 1212 1254 gestorum
1256 1180 1572 1249 auctoritas,
1615 1188 1670 1236 et
1716 1196 1926 1248 eorum,
1959 1197 2096 1253 quos

504 1271 834 1348 peragravit,
859 1272 1102 1328 fatentur
1119 1269 1406 1327 notissima
1429 1276 1786 1326 monumenta
1807 1271 2051 1327 locorum
2079 1288 2091 1327 :

505 1382 684 1439 neque
730 1365 877 1420 enim
930 1362 1225 1419 mundanis
1266 1362 1508 1418 tenebris
1552 1363 1831 1419 lucernam
1873 1362 1954 1418 fas
1984 1371 2100 1418 erat

506 1455 715 1513 obnubi
761 1453 1049 1522 sideream,
1079 1469 1242 1528 quam
1285 1452 1353 1509 ad
1396 1469 1644 1509 errorum
1691 1451 2099 1509 discutiendam

506 1546 797 1619 caliginem
841 1545 1084 1602 suaviter
1111 1551 1309 1601 cuncta
1337 1543 1634 1617 disponens
1664 1545 1809 1599 Deus
1836 1541 2102 1599 candela-

506 1634 608 1691 bro
638 1636 910 1692 locaverat
956 1636 1013 1691 in
1045 1634 1297 1692 sublimi.
1336 1635 1407 1692 Ut
1450 1650 1577 1706 ergo
1616 1632 2003 1691 ecclesiasticis
2032 1649 2102 1688 ex

508 1732 695 1789 animo
723 1730 1059 1789 utilitatibus
1097 1730 1382 1803 proprium
1415 1729 1714 1785 devoverat
1744 1736 1927 1801 caput,
1962 1726 2098 1783 certi

510 1823 723 1879 ratione
744 1821 949 1893 negotii
971 1821 1223 1889 contigit,
1248 1837 1373 1877 eum
1395 1838 1522 1877 cum
1549 1818 1777 1876 delectis
1804 1817 2105 1875 comitibus

512 1912 617 1969 iter
660 1911 1029 1969 necessarium
1073 1912 1313 1983 aggredi.
1372 1913 1601 1985 Jamque
1648 1928 1712 1967 eo
1758 1910 2102 1983 aliquantum

511 2019 814 2074 progresso,
862 2018 1004 2056 unus
1053 2003 1448 2073 discipulorum
1502 2003 1641 2073 ejus,
1699 2002 1792 2074 qui
1851 2010 2103 2056 sanctum

512 2090 696 2144 virum
726 2089 794 2143 de
837 2088 1098 2143 Hibernia
1127 2089 1303 2143 fuerat
1336 2096 1656 2159 prosecutus
1684 2100 1729 2153 ι,
1762 2089 1850 2143 cui
1882 2087 2106 2143 Micho-

2120 806 2173 870 Αἰ
2201 807 2461 865 Lazarum
2489 807 2674 865 clauso
2711 805 2825 878 jam
2865 803 3088 860 vocavit
3117 818 3147 860 θ
3192 804 3432 862 tumulo.
3479 806 3604 864 Hoc
3635 806 3831 865 mira-

2201 901 2388 958 culum
2430 908 2483 956 et
2512 906 2647 955 tunc
2693 899 2801 954 late
2830 895 3030 968 patuit,
3064 901 3119 950 et
3164 894 3347 952 adhuc
3374 896 3831 955 celeberrimum

2202 990 2448 1047 volvitur
2476 1005 2572 1061 per
2600 1004 2694 1045 ora
2722 994 3049 1044 cunctorum
3086 1003 3099 1041 :
3143 1000 3270 1041 nam
3301 994 3357 1041 et
3394 985 3557 1043 beato
3586 988 3832 1046 Micho-

2205 1081 2341 1137 meri
2372 1082 2490 1153 ipso
2533 1080 2591 1135 in
2634 1080 2752 1135 loco
2793 1077 3058 1148 deinceps
3089 1075 3398 1132 oratorium
3439 1084 3525 1133 est
3558 1086 3831 1137 constru-

2205 1177 2377 1237 ctum,
2408 1167 2502 1223 ubi
2545 1174 2794 1223 sanctum
2844 1164 2941 1220 Dei
2977 1163 3143 1236 digne
3174 1165 3576 1222 venerantibus
3618 1167 3835 1225 divina

2206 1259 2479 1331 hodieque
2505 1256 2771 1312 beneﬁcia
2797 1254 3181 1312 cumulantur.

2277 1350 2331 1405 9.
2368 1347 2513 1403 Illud
2560 1362 2707 1414 sane,
2754 1345 2901 1417 quod
2948 1343 3094 1417 apud
3140 1344 3334 1401 urbem
3389 1346 3831 1419 Aquilisimam,

2208 1438 2346 1505 sive,
2376 1444 2438 1493 ut
2465 1452 2598 1492 usus
2634 1433 2974 1506 frequentior
3002 1433 3344 1504 Egolismam
3376 1434 3401 1471 ά
3432 1437 3830 1508 cognominat,

2210 1534 2577 1601 perpetratum
2608 1526 2812 1593 ferunt,
2845 1534 2908 1579 e‘o
2947 1522 3228 1579 robustius
3253 1523 3522 1593 creditur,
3557 1542 3672 1598 quo
3702 1527 3832 1599 ejus

2212 1618 2415 1674 indicia
2444 1618 2618 1676 oculis
2644 1614 2888 1688 subjecta
2917 1622 3318 1670 monstrantur.
3358 1614 3481 1681 Quo
3500 1633 3634 1672 cum
3658 1618 3832 1674 itine-

2213 1707 2288 1763 ris
2316 1715 2457 1762 esset
2496 1704 2914 1763 continuatione
2950 1702 3185 1772 delatus,
3227 1704 3413 1777 digna,
3451 1716 3508 1763 et
3536 1724 3666 1780 quae
3694 1724 3830 1765 sane

2212 1798 2397 1852 virum
2441 1795 2665 1852 decebat
2703 1795 3087 1868 apostolicum,
3128 1795 3456 1867 exceptione
3486 1795 3822 1866 honoratus,

2214 1894 2276 1941 ut
2304 1902 2509 1942 novum
2541 1884 2786 1941 ecclesias
2823 1884 3056 1940 senioris
3098 1884 3269 1941 altare
3294 1884 3498 1941 honori
3528 1888 3825 1959 apostolo-

2215 1991 2336 2030 rum
2367 1974 2632 2047 principis
2659 1990 2987 2030 consecrans
3015 1973 3313 2042 dedicaret,
3346 1974 3557 2032 obnixe
3577 1980 3825 2049 postula-

2209 2070 2304 2136 tus
2331 2070 2449 2128 est;
2493 2061 2815 2133 rogantibus
2843 2062 3130 2119 charitatis
3167 2063 3351 2121 oﬂicio
3384 2080 3595 2121 morem
3624 2068 3821 2137 gessit.

513 2176 650 2233 meri
679 2175 1008 2234 vocabulum
1041 2177 1168 2246 fuit,
1199 2176 1267 2232 ad
1295 2151 1435 2233 hanc
1466 2176 1639 2249 ipsam
1667 2151 1912 2234 delectus
1938 2194 2099 2249 expe-
2136 2174 2181 2233 B
2218 2154 2464 2225 Cumque
2494 2152 2551 2208 id
2572 2151 2805 2207 SOlemni
2828 2153 2949 2249 ,τίω
2978 2160 3275 2224 Ρθτδὲθτθί»
3312 2154 3638 2249 ίξωορθηιίει
3665 2158 3822 2249 Ρῑξτίο

512 2264 802 2332 ditionem,
832 2266 978 2340 quod
1000 2284 1123 2324 cum
1153 2267 1272 2337 ipso
1301 2266 1453 2321 exire
1473 2268 1816 2339 nequiverat,
1850 2274 1972 2339 post
1995 2284 2108 2323 ma-

514 2357 669 2431 gistri
698 2358 931 2429 vestigia
974 2358 1253 2429 profectus
1280 2364 1397 2425 est;
1442 2358 1536 2430 qui
1575 2376 1699 2414 cum
1731 2357 1799 2413 ad
1842 2367 2107 2430 castrum,

514 2447 605 2504 cui
634 2444 979 2503 Tharnodori
1009 2440 1036 2481 δ
1066 2462 1266 2502 nomen
1304 2454 1406 2515 est,
1437 2446 1711 2518 distatque
1741 2447 1808 2503 ab
1838 2448 1971 2505 urbe
2009 2450 2105 2522 (sc.

515 2537 1010 2607 Antissiodorensi)
1046 2536 1158 2591 fere
1187 2535 1373 2592 decem
1404 2544 1457 2593 et
1476 2544 1601 2594 octo
1628 2538 1895 2608 millibus,
1922 2558 2110 2615 perve-

516 2634 709 2699 nisset,
744 2630 1375 2700 languoreinterceptus,
1399 2629 1603 2686 ibidem
1636 2630 1931 2702 decubuit;
1976 2654 2110 2709 pau-

516 2724 703 2796 cisque
750 2720 1051 2792 interjectis
1098 2720 1293 2778 diebus
1341 2721 1459 2777 vita
1503 2722 1820 2794 defunctus,
1860 2736 2023 2800 atque
2053 2728 2111 2785 in

518 2814 665 2870 clivo
697 2813 940 2884 ejusdem
970 2816 1124 2884 rupis
1156 2832 1186 2869 a
1218 2816 1473 2873 ﬁdelibus
1498 2817 1792 2889 sepulturas
1821 2819 2111 2875 mandatus

518 2916 620 2964 est.

589 2996 642 3052 8.
685 2992 930 3066 Contigit
982 2991 1364 3049 beatissimum
1422 2995 1755 3050 Germanum
1819 3006 1941 3068 post
1996 2996 2113 3053 dies

518 3085 750 3160 aliquot,
783 3099 1032 3141 remenso
1062 3081 1277 3149 itinere,
1321 3082 1388 3139 ad
1418 3083 1670 3140 eumdem
1702 3084 1989 3141 devenisse
2022 3086 2113 3141 lo-

518 3192 644 3233 cum
695 3174 883 3245 (credo
924 3188 1207 3229 excessum
1255 3172 1538 3245 discipuli,
1572 3182 1943 3245 praemonente
1985 3191 2107 3231 eum

519 3265 749 3337 Spiritu,
772 3264 1032 3321 didicisse
1057 3283 1068 3320 :
1106 3264 1125 3335 )
1157 3263 1529 3335 accedensque
1549 3263 1615 3320 ad
1642 3263 1847 3329 locum,
1869 3280 1978 3337 quo
1998 3264 2113 3321 fue-

514 3364 604 3425 rat
632 3358 955 3422 tumulatus,
987 3355 1235 3413 oratione
1264 3355 1563 3429 praemissa,
1592 3355 1759 3427 jussit
1792 3357 1986 3413 revelli
2016 3374 2113 3415 se—

517 3449 793 3523 pulcrum.
848 3447 1210 3505 Michomeres
1261 3456 1488 3504 vocatus
1537 3463 1607 3503 ex
1655 3448 1900 3518 nomine,
1951 3450 2110 3506 vitali

2216 2250 2403 2315 tasque
2438 2248 2750 2297 sanctarum
2791 2244 2910 2312 ejus
2949 2257 3215 2298 manuum
3243 2243 3457 2300 caelesti
3490 2261 3627 2302 mox
3660 2247 3822 2303 mira-

2216 2334 2343 2389 culo
2373 2332 2700 2388 declaratur.
2742 2331 3068 2404 Ubicunque
3092 2332 3265 2401 enim,
3297 2342 3350 2390 et
3378 2334 3604 2406 quoties
3629 2353 3727 2409 per
3751 2338 3823 2394 al-

2220 2422 2355 2489 taris
2381 2438 2589 2479 cornua
2616 2420 2989 2495 mediumque,
3016 2424 3199 2481 crucis
3226 2422 3466 2496 eﬂigiem
3489 2427 3823 2485 sanctiﬁcati

2219 2511 2481 2582 unguinis
2512 2511 2725 2583 liquore
2752 2511 3029 2583 signavit;
3073 2512 3150 2567 ita
3185 2529 3429 2569 marmor
3454 2514 3825 2588 impressione

2220 2600 2439 2674 pollicis
2462 2600 2819 2673 liquefactum
2847 2601 3202 2674 subterfugit,
3228 2611 3290 2659 ut
3318 2602 3386 2658 ad
3407 2602 3716 2677 impulsum
3741 2608 3823 2665 di-

2221 2691 2321 2762 giti
2348 2690 2564 2747 niveam
2589 2699 2806 2762 putares
2826 2691 3051 2748 cessisse
3078 2692 3394 2749 mollitiem.
3435 2694 3642 2751 Exstat
3673 2697 3821 2754 idem

2222 2798 2463 2838 marmor
2488 2783 2649 2838 altari
2683 2782 2955 2855 hodieque
2976 2784 3383 2856 superpositum
3414 2794 3470 2842 et
3497 2789 3821 2858 spectaculo

2220 2881 2274 2929 et
2302 2875 2663 2943 venerationi,
2694 2874 2841 2947 quod
2869 2875 3046 2931 sancti
3076 2875 3200 2931 Viri
3229 2874 3623 2935 benedictione
3642 2895 3821 2935 sacra-

2221 2971 2360 3027 tum,
2391 2963 2723 3035 singularem
2744 2963 2863 3035 ejus
2880 2971 3170 3022 attestatur
3198 2965 3426 3038 gratiam
3464 2967 3818 3027 meritorum.

2295 3066 2380 3122 10.
2420 3068 2482 3122 In
2513 3065 2779 3123 suburbio
2804 3066 3189 3123 Aurelianensi
3221 3066 3454 3124 ecclesia
3484 3076 3567 3125 est
3587 3068 3711 3141 ejus
3728 3085 3825 3125 no-

2221 3157 2369 3213 mine
2398 3155 2670 3225 dedicata,
2719 3156 2933 3212 meritis
2979 3156 3324 3229 frequentius
3370 3159 3691 3226 illustrata;
3734 3160 3823 3215 cui

2218 3248 2600 3304 construendae
2623 3247 2767 3302 banc
2786 3247 2954 3303 fuisse
2976 3256 3281 3303 memorant
3305 3248 3637 3320 primariam
3661 3250 3825 3305 ratio-

2221 3356 2347 3396 nem
2382 3357 2392 3395 :
2431 3355 2579 3408 cum,
2611 3340 2933 3412 compositis
2971 3338 3355 3397 ecclesiasticis
3390 3340 3657 3412 negotiis,
3689 3342 3824 3414 qui-

2221 3428 2324 3487 bus
2351 3447 2515 3504 quam
2559 3430 2799 3486 maxime
2835 3430 3151 3502 urgebatur,
3194 3430 3449 3487 alacriter
3497 3430 3569 3486 ad
3597 3432 3823 3503 propria

517 3520 796 3612 resumpto
826 3555 950 3606 usu,
984 3538 1248 3595 resedisse
1280 3538 1456 3593 fertur
1485 3555 1496 3593 :
1532 3554 1563 3594 a
1592 3553 1700 3609 quo
1731 3540 2109 3598 sanctissimus

2223 3537 2487 3590 remeans,
2519 3520 2900 3577 Aurelianensi
2932 3520 3056 3576 urbi
3088 3520 3201 3592 jam
3243 3521 3537 3593 proximus
3566 3521 3822 3577 immine-

518 3633 789 3706 pontifex,
818 3629 953 3701 quid
980 3636 1182 3699 ageret,
1212 3637 1307 3684 aut
1333 3628 1379 3683 si
1411 3628 1594 3699 quiete
1620 3629 1914 3698 frueretur,
1935 3632 2113 3687 curio-

518 3724 633 3779 sius
689 3726 1059 3792 percontatus,
1119 3718 1225 3773 hoc
1285 3717 1646 3773 conﬁrmatur
1695 3720 1966 3791 accepisse
2020 3737 2115 3775 re-

518 3811 742 3886 sponsi;
785 3808 1018 3877 Gratias,
1067 3806 1271 3879 inquit,
1320 3805 1481 3861 Pater
1521 3806 1885 3875 sanctissime,
1928 3808 2113 3879 praeci-

517 3903 642 3977 puis
670 3900 883 3957 meritis
914 3900 1024 3955 tuis
1062 3906 1115 3954 et
1144 3914 1244 3968 ago
1278 3904 1330 3951 et
1361 3895 1554 3963 habeo,
1591 3895 1850 3965 quoniam
1886 3897 2112 3956 obtentu

514 3990 875 4048 beatitudinis
891 3996 1019 4053 tuae,
1044 3986 1185 4040 nihil
1208 3985 1522 4051 molestum,
1542 3983 1698 4039 triste
1715 3983 1856 4040 nihil
1877 3988 2076 4057 pertuli
2095 4008 2108 4057 ;

517 4084 717 4135 cuncta
763 4074 901 4129 mihi
950 4071 1186 4146 placida,
1239 4070 1482 4127 salubria
1528 4078 1783 4127 constant
1830 4074 2108 4134 universa.

519 4163 621 4223 Cui
642 4161 893 4235 pontifex
927 4179 938 4216 :
975 4158 1093 4227 Vis,
1121 4159 1216 4228 ait,
1248 4175 1463 4223 mecum
1485 4159 1665 4217 adhuc
1693 4160 1750 4215 in
1772 4162 2111 4235 praedicatio-

516 4253 605 4309 nis
649 4250 830 4308 oﬂicio
877 4250 1162 4318 desudare,
1212 4265 1303 4317 an,
1358 4257 1422 4304 ut
1468 4266 1728 4323 coeperas,
1782 4253 2113 4325 quiescere?

519 4345 658 4402 Tum
691 4342 785 4398 ille
816 4360 828 4398 :
862 4339 1195 4409 Dummodo,
1220 4340 1422 4414 inquit,
1448 4346 1553 4397 tuae
1575 4358 1683 4397 non
1717 4358 1879 4414 grave
1904 4345 2110 4401 sitsan-

514 4432 715 4501 ctitati,
747 4430 1082 4505 peregrinari
1133 4446 1164 4485 a
1208 4429 1426 4487 Christo
1474 4429 1705 4486 ulterius
1752 4447 1969 4489 necesse
2000 4451 2111 4492 non

514 4522 711 4591 habeo,
744 4522 857 4591 cui,
888 4527 951 4577 ut
992 4520 1154 4593 carpi,
1194 4518 1471 4576 adhaerere
1515 4519 1788 4593 Optimum
1820 4521 1962 4577 mihi
1991 4530 2108 4593 est;

514 4628 742 4685 oroque,
770 4611 918 4667 unde
962 4609 1127 4666 modo
1154 4616 1415 4667 avocatus
1447 4624 1591 4677 sum,
1629 4609 1737 4665 tuis
1767 4626 1929 4684 quam
1960 4610 2113 4668 citis-

513 4701 652 4758 sime
697 4698 953 4774 precibus
999 4697 1264 4754 revocari.
1321 4696 1441 4764 Quo
1488 4697 1753 4769 praedicto
1785 4707 1805 4734 ε
1834 4707 2113 4758 annuente

514 4788 795 4863 pontiﬁce,
825 4793 989 4859 caput
1017 4785 1219 4841 iterum
1255 4785 1532 4858 deposuit,
1566 4787 1889 4861 cunctisque
1910 4789 2114 4845 miran-

514 4877 685 4947 tibus,
716 4876 775 4931 in
806 4872 1195 4965 pace_quievit.
1240 4874 1501 4965 Fidenter
1528 4873 1792 4965 dixerim,
1823 4891 1947 4965 eum
1975 4884 2109 4935 tunc
2140 4906 2187 4965 D

514 4966 788 5024 habitasse
817 4964 876 5021 in
916 4963 1211 5032 Germano,
1244 4961 1339 5035 qui
1368 4961 1647 5036 quondam
1677 4964 2108 5036 quatriduanum

587 5141 614 5171 ι
651 5122 889 5182 Consule
916 5118 1372 5179 commentarium
1402 5118 1670 5190 praevium
1702 5135 1759 5176 n.
1802 5119 1903 5189 74»
1927 5124 2110 5179 Hiber-

515 5199 610 5253 nia
629 5195 722 5267 hic
744 5195 951 5267 legitur
968 5194 1027 5249 in
1049 5191 1307 5267 omnibus
1328 5208 1455 5267 rn_ss.
1490 5190 1692 5267 nostris
1716 5210 1729 5257 ;
1770 5193 2012 5267 adeoque
2032 5196 2110 5252 sic

519 5260 822 5341 legendum'
846 5264 1117 5341 videtur;
1180 5263 1316 5341 licet
1357 5260 1761 5341 Papebrochius
1798 5260 2107 5341 noster-gali-

520 5332 737 5412 quando
769 5336 1114 5412 dubitaverit
1133 5334 1199 5391 ad
1209 5335 1375 5412 _diem
1396 5332 1471 5412 _30
1487 5332 1723 5412 _Apri_lis,
1745 5352 1875 5412 pag.
1912 5339 2031 5395 776.

589 5414 619 5455 ι)
663 5408 1017 5476 Tharnodori,
1045 5406 1180 5463 alias
1206 5404 1515 5472 Temodori,
1540 5406 1704 5479 vulgo
1742 5404 2023 5477 Torinerre,
2048 5409 2106 5465 in

523 5478 815 5537 Campania
847 5480 1076 5536 Gallica.

593 5562 619 5622 ξ
654 5548 767 5607 Hoc
812 5568 940 5622 sane
985 5557 1188 5622 quanto
1232 5548 1541 5608 mirabilius
1589 5559 1691 5618 est,
1724 5558 1879 5607 tanto
1920 5552 2104 5608 minus

530 5618 749 5679 videtur
769 5636 798 5675 a
821 5618 1139 5679 Constantio
1157 5623 1245 5679 vel
1267 5622 1507 5696 ignorari
1528 5624 1617 5681 vel
1638 5622 1820 5681 omitti
1836 5623 2101 5698 potuisse,

2224 3619 2307 3667 ret
2335 3629 2345 3667 :
2388 3612 2665 3685 extemplo
2710 3611 2865 3683 signa
2890 3610 3131 3667 basilica:
3162 3610 3418 3679 senioris,
3450 3610 3677 3667 nemine
3705 3611 3821 3666 im-

2224 3702 2481 3774 pellente,
2503 3717 2787 3768 concussa,
2810 3710 3078 3757 concentu
3098 3700 3353 3757 ultronea
3375 3700 3552 3774 (quod
3568 3708 3655 3757 est
3671 3701 3823 3759 dictu

2226 3790 2498 3863 mirabile)
2532 3791 2799 3847 adventus
2845 3790 2963 3862 ejus
3009 3798 3296 3863 cmperunt
3325 3806 3438 3847 esse
3481 3792 3816 3864 praenuntia.

2224 3881 2377 3938 Tunc
2405 3882 2583 3938 eidem
2612 3882 2825 3939 civitati
2856 3889 3079 3940 sanctus
3115 3890 3236 3940 erat
3272 3882 3527 3940 Anianus
3555 3894 3576 3921 °
3610 3884 3822 3957 episco-

2222 3986 2343 4043 pus,
2375 3970 2465 4025 vir
2483 3971 2772 4028 sanctitate
2790 3979 2846 4027 et
2874 3972 3158 4029 miraculis
3178 3979 3232 4027 et
3259 3972 3375 4045 ipse
3404 3972 3705 4045 gloriosus,
3727 3973 3824 4047 qui

2223 4061 2440 4118 interna
2468 4061 2694 4134 spiritus
2724 4062 2949 4118 edoctus
2989 4061 3345 4128 revelatione,
3375 4061 3661 4118 universis
3690 4061 3823 4118 cleri

2222 4152 2506 4226 plebisque
2535 4152 2899 4225 undecunque
2928 4153 3131 4209 coactis
3159 4150 3495 4225 agminibus,
3532 4160 3691 4209 extra
3722 4169 3819 4209 ur-

2220 4241 2345 4298 bem
2393 4241 2710 4299 beatissimo
2758 4241 3030 4297 Germano
3068 4240 3291 4297 obviam
3332 4241 3543 4315 prodit,
3577 4243 3818 4315 excepit,

2222 4338 2514 4387 veneratus
2538 4338 2637 4397 est,
2669 4337 2932 4402 tantoque
2954 4330 3267 4387 confectum
3299 4346 3368 4386 ex
3393 4330 3619 4400 itinere,
3651 4348 3823 4405 quan-

2222 4428 2276 4476 ta
2305 4420 2491 4478 decuit
2510 4420 2899 4494 obsequiorum
2926 4419 3234 4494 diligentia,
3258 4421 3481 4477 refovit.
3523 4424 3569 4478 Ο
3598 4424 3825 4496 quantis

2222 4509 2319 4565 illa
2337 4508 2453 4566 dies
2472 4516 2664 4566 exacta
2693 4509 2904 4587 laetitiis
2928 4510 2940 4566 ι
2982 4509 3262 4577 Quantum
3289 4510 3538 4579 honoris,
3571 4510 3823 4568 thesauri

2222 4605 2487 4671 quantum
2527 4598 2660 4655 urbs
2693 4598 2789 4654 illa
2825 4598 3051 4669 ferebat,
3085 4599 3300 4656 duabus
3324 4600 3648 4672 apostolicis
3679 4601 3824 4657 fulta

2220 4691 2514 4760 columnis,
2559 4692 2724 4749 olivis
2776 4694 3008 4765 geminis
3056 4693 3420 4768 impinguata,
3463 4693 3823 4753 candelabris

2222 4780 2681 4854 splendidissimis
2702 4782 2975 4839 illustrata
2998 4783 3010 4839 l
3042 4784 3124 4839 Eo
3142 4783 3327 4857 itaque
3348 4784 3474 4853 loci,
3498 4799 3610 4858 quo
3626 4798 3686 4839 se
3701 4799 3823 4839 mu-

2220 4870 2334 4928 tuis
2359 4873 2665 4931 sacerdotes
2701 4872 3052 4946 amplexibus
3093 4874 3417 4931 solemniter
3452 4880 3819 4947 exceperunt,

2218 4961 2445 5019 ecclesia
2473 4964 2822 5035 postmodum
2844 4964 2990 5022 beati
3016 4964 3275 5023 Germani
3296 4964 3521 5022 nomine
3553 4970 3821 5021 constru-

2219 5118 2263 5195 _si
2290 5134 2484 5195 verum
2513 5129 2612 5177 est.
2639 5119 3039 5195 rIpseHericus
3055 5136 3168 5178 non
3198 5119 3422 5195 videtur
3440 5116 3499 5175 id
3528 5133 3633 5195 pro
3662 5124 3817 5173 certo

2219 5189 2492 5264 habuisse,
2526 5202 2589 5250 ut
2633 5189 2888 5250 inbuitur
2918 5193 3081 5249 initio
3112 5192 3329 5249 numeri
3363 5189 3669 5264 sequentis.

2289 5262 2315 5298 ά
2344 5258 2523 5335 Vulgo
2551 5265 2888 5337 Angouléme,
2941 5265 3072 5321 urbs
3107 5258 3453 5337 episcopalis'
3466 5260 3572 5319 sub
3601 5258 3816 5318 archie-

2215 5334 2501 5409 piscopatu
2524 5334 2935 5410 Burdegalensi.

2287 5402 2419 5487 °_l§e
2465 5402 2788 5487 S._A_nian_o_
2825 5426 2903 5487 ep.
2940 5403 3678 5487 Aurelianensinagendum‘
3708 5402 3813 5459 erit

2216 5478 2281 5534 17
2319 5481 2663 5538 Novembris.
2724 5475 3045 5536 Diutissime
3084 5479 3287 5537 sedisse
3335 5475 3545 5535 dicitur
3582 5493 3615 5531 a
3644 5475 3818 5532 Sam-

2211 5551 2535 5680 ;qlazgignis,
2566 5561 2698 5626 puta
2728 5552 2796 5610 ab
2825 5568 2971 5610 anno
3001 5550 3211 5611 Christi
3249 5550 3471 5609 circiter
3499 5547 3607 5607 390
3641 5562 3818 5622 usque
