4074 6186
225 241 361 301 1213

1189 235 1285 293 DE
1322 234 1702 295 MIRACULIS
1740 236 1794 295 S.
1836 235 2178 298 GERMANI.
2227 266 2295 280 -—
2332 235 2467 295 LIB.
2514 236 2560 295 Ι.

3381 240 3519 300 1214

218 402 332 460 cta,
372 391 692 451 divinorum
720 389 968 464 impensa
1014 388 1410 447 beneﬁciorum
1458 390 1819 449 memorabile
1843 394 1895 456 Α
1917 389 2061 448 blica
2088 387 2347 446 incedens
2391 387 2502 458 via,
2531 387 2840 463 periculum
2869 391 3181 464 conspexit,
3217 407 3448 452 manum
3480 392 3541 451 in

221 483 341 557 ejus
371 481 584 538 meritis
611 480 816 554 praebet
844 481 1249 537 testimonium.

295 575 382 630 11.
414 574 707 646 Postquam
745 572 927 645 itaque
957 571 1232 644 spirituali
1275 570 1550 628 suavitate
1580 572 1639 627 in
1671 570 1827 630 Chri-

219 668 307 718 sto
337 660 543 734 pariter
574 659 799 732 epulati,
826 657 1248 731 jocundissimis
1277 674 1334 715 se
1365 658 1641 715 virtutum
1675 658 1829 731 dapi-

218 751 324 808 bus
351 750 560 806 alterne
589 750 954 823 expleverunt
978 767 990 816 ;
1025 748 1360 806 Germanum
1391 751 1826 820 sanctissimum,

220 841 279 899 id
317 841 464 916 quod
497 840 734 897 restabat
774 839 988 896 itineris
1031 850 1381 914 peracturum
1412 842 1502 897 vir
1527 858 1680 915 aeque
1706 858 1831 897 me-

219 932 344 989 ritis
374 930 620 1004 egregius
644 931 894 988 Anianus
925 931 979 986 in
1013 931 1315 988 secundum
1338 932 1450 988 fere
1479 932 1547 988 ab
1575 932 1712 988 urbe
1739 933 1831 988 la-

218 1025 403 1099 pidem
437 1040 706 1097 germanae
726 1024 1125 1081 benevolentia)
1151 1026 1348 1083 affectu
1383 1035 1704 1098 prosecutus
1728 1035 1830 1091 est,

223 1114 436 1183 Quibus
474 1115 580 1170 iter
623 1115 998 1186 carpentibus,
1047 1132 1172 1172 ecce
1222 1115 1425 1171 mulier
1451 1116 1644 1185 vidua,
1676 1116 1830 1174 unici

229 1206 460 1263 cadaver
488 1203 593 1260 ﬁlii
621 1204 1011 1260 tumulandum
1036 1204 1234 1273 ferens,
1268 1204 1500 1275 pedibus
1539 1207 1833 1276 provoluta

230 1303 565 1362 sanctorum,
606 1301 670 1349 ut
700 1294 785 1349 sui
821 1294 1233 1363 misererentur,
1264 1294 1457 1350 orabat
1486 1295 1789 1351 instantius
1814 1314 1827 1362 ;

230 1401 343 1441 non
390 1401 538 1453 casu,
588 1400 783 1439 verum
835 1383 1197 1456 dispositione
1243 1386 1456 1442 cmlesti
1500 1401 1692 1442 eorum
1723 1386 1831 1442 sibi

229 1473 466 1530 oblatam
493 1474 837 1547 praesentiam
865 1492 878 1541 ;
913 1474 1300 1530 incunctanter
1328 1491 1389 1531 se
1416 1476 1658 1544 credere,
1714 1492 1826 1531 am-

225 1563 420 1620 borum
446 1565 657 1621 meritis
679 1573 936 1621 maternae
966 1565 1332 1621 sollicitudini
1364 1582 1519 1638 posse
1540 1565 1718 1622 ﬁlium
1751 1583 1829 1622 re-

225 1652 475 1710 formari.
516 1654 625 1710 Diu
656 1653 800 1710 inter
825 1654 964 1711 duos
984 1656 1297 1713 dubitatum
1338 1663 1438 1724 est,
1488 1658 1648 1729 longe
1675 1656 1743 1713 de
1772 1674 1829 1715 re

1937 481 2184 561 sublime
2206 480 2428 549 extulit,
2459 484 2747 556 crucisque
2774 482 3032 556 expreSso
3063 483 3369 556 signaculo,
3397 485 3542 558 jam-

1932 572 2156 646 jamque
2183 569 2428 643 vergenti
2457 586 2520 628 ac
2561 573 2803 644 pendulo
2851 575 3065 647 lapsum
3114 575 3311 647 parieti
3356 575 3543 631 inter-

1938 662 2102 720 dixit.
2135 662 2367 735 Objectu
2393 679 2588 721 manus
2616 664 2977 722 sanctissima;
3004 664 3181 738 paries
3208 664 3453 734 restitit;
3478 681 3544 725 ac

1938 764 2200 831 tanquam
2226 757 2571 814 validissimo
2599 765 2858 830 exceptus
2881 758 3080 827 fulcro,
3113 758 3174 815 in
3208 758 3321 815 suis
3350 774 3406 814 se
3434 764 3542 814 sta-

1938 855 2028 905 tus
2044 848 2428 906 rectitudinem
2447 848 2671 920 recepit.
2696 847 2779 901 Ita
2790 846 2955 902 unius
2976 848 3174 904 effectu
3191 848 3435 918 virtutis,
3485 854 3545 905 et

1939 940 2114 995 ruinae
2170 938 2455 1011 parietem,
2514 944 2569 992 et
2596 935 2850 992 homines
2906 935 3071 989 morti
3097 934 3381 991 subduxit.
3413 938 3533 1003 Quo

1941 1031 2162 1105 quidem
2211 1036 2449 1102 peracto,
2497 1026 2777 1099 magisque
2815 1025 3205 1083 excellentium
3237 1025 3542 1082 declaratus

1939 1122 2233 1195 praeconiis
2262 1121 2610 1187 meritorum,
2640 1116 3004 1191 propositum,
3033 1124 3096 1172 ut
3123 1125 3380 1187 coeperat,
3414 1133 3543 1174 con-

1940 1210 2185 1265 tinuavit
2219 1210 2341 1265 iter.
2371 1209 2499 1264 Post
2528 1216 2744 1278 tempus
2772 1204 2998 1278 aliquod
3027 1201 3290 1276 explicito
3316 1204 3538 1262 tandem

1941 1316 2102 1372 opere
2129 1299 2430 1371 templique
2457 1297 2665 1353 fabrica
2701 1301 3100 1362 consummata,
3152 1309 3276 1350 cum
3314 1292 3426 1365 jam
3475 1291 3543 1350 de

1940 1388 2348 1445 consecratione
2383 1393 2729 1454 tractaretur,
2766 1385 2948 1454 operis
2991 1381 3251 1439 dominus
3279 1381 3541 1454 prudenti

1939 1487 2117 1535 tactus
2144 1479 2453 1535 sententia:
2484 1479 2673 1547 Nemo,
2705 1476 2910 1549 inquit,
2939 1475 3083 1532 hanc
3110 1491 3209 1531 suo
3231 1481 3541 1550 competen-

1938 1570 2052 1627 tius
2082 1569 2387 1626 illustrabit
2416 1569 2661 1636 nomine,
2694 1584 2859 1640 quam
2905 1566 3209 1623 Germanus
3251 1565 3543 1622 sanctissi-

1941 1677 2083 1730 mus,
2116 1659 2274 1732 cujus
2303 1658 2636 1716 sublimibus
2666 1657 2878 1714 meritis
2920 1656 3034 1728 jam
3067 1655 3275 1712 dudum
3322 1654 3545 1712 initiata

224 1744 490 1801 tentanda
520 1745 878 1817 pertinaciter
897 1755 1274 1803 concertatum
1294 1766 1307 1815 ;
1331 1748 1463 1805 dum
1481 1756 1534 1803 et
1556 1748 1647 1805 hic
1670 1748 1831 1806 beato
1858 1765 1903 1825 Β
1939 1754 2309 1823 cognoscitur.
2342 1750 2551 1806 Perstat
2582 1748 2856 1821 hodieque
2892 1746 3122 1804 ecclesia
3150 1745 3289 1811 haec,
3330 1744 3544 1801 beatis-

223 1833 468 1900 Aniano,
499 1834 644 1907 quod
670 1851 768 1890 sua
795 1844 935 1891 esset
966 1835 1235 1905 dioecesis,
1263 1837 1330 1893 de
1376 1838 1642 1895 miraculo
1665 1837 1828 1910 judi-

222 1930 317 1979 cat
344 1923 780 1995 prmsumendum
805 1943 819 1993 ;
855 1933 909 1981 et
936 1925 1028 1982 ille
1049 1943 1080 1982 a
1097 1927 1370 1983 Germano
1386 1928 1755 1997 sanctissimo,
1780 1928 1827 1984 si

220 2013 359 2087 quid
390 2022 502 2069 erat
530 2013 864 2085 faciendum,
891 2017 1125 2074 celerius
1163 2017 1403 2074 obtineri
1429 2035 1582 2089 posse
1613 2019 1831 2076 conﬁr—

219 2110 358 2159 mat.
381 2102 592 2162 Cedens
610 2104 789 2177 itaque
810 2107 1010 2178 partim
1033 2107 1296 2162 maternis
1321 2109 1603 2179 lacrymis,
1627 2110 1827 2180 partim

220 2191 505 2249 instantiae
519 2193 1269 2265 praesulis,omniasuﬂ'erenti
1286 2196 1530 2266 praeﬁsus
1546 2198 1826 2267 charitati,

220 2286 472 2343 orationi
512 2286 676 2342 solito
718 2286 992 2342 incumbit
1035 2302 1187 2342 more
1225 2286 1530 2343 Germanus
1569 2288 1831 2344 beatissi-

218 2393 367 2445 mus,
418 2374 777 2447 defunctique
812 2375 983 2431 vitam
1016 2376 1276 2448 lacrymis
1306 2384 1580 2432 mercatus
1605 2376 1831 2433 uberri-

218 2468 352 2535 mis,
385 2467 595 2537 ingenti
626 2466 1011 2524 universorum
1045 2467 1265 2539 gaudio,
1308 2469 1517 2539 lugenti
1559 2469 1722 2524 matri
1752 2469 1831 2523 ﬁ-

218 2557 361 2614 lium
390 2573 422 2613 a
442 2558 636 2615 funere
664 2558 945 2614 revocavit
969 2558 1325 2614 incolumem.
1352 2559 1598 2615 Ecclesia
1630 2557 1830 2615 sancti-

216 2649 325 2707 tati
354 2648 471 2721 ejus
499 2650 689 2706 eodem
711 2657 1028 2707 constructa
1054 2651 1195 2715 loco,
1220 2650 1539 2706 innumeris
1570 2651 1832 2722 deinceps

214 2736 527 2794 virtutibus
542 2739 760 2806 claruit;
788 2740 844 2794 in
866 2755 973 2812 qua
995 2747 1335 2795 monstratur
1354 2739 1630 2813 hodieque
1649 2747 1830 2795 tumu-

218 2829 315 2885 lus
348 2827 590 2885 hominis
617 2829 886 2899 suscitati,
916 2831 1009 2903 qui
1040 2829 1412 2902 postmodum,
1440 2830 1671 2886 decurso
1700 2829 1831 2885 vitae

225 2934 344 2973 suae
376 2918 622 2990 legitimo
650 2920 853 2992 spatio,
877 2920 948 2975 ob
978 2920 1235 2976 miraculi
1275 2935 1572 2992 perennem
1612 2935 1831 2976 memo-

216 3007 386 3075 riam,
426 3007 713 3065 honestam
755 3008 961 3066 ibidem
992 3008 1195 3065 meruit
1239 3010 1598 3081 sepulturam.
1651 3009 1830 3065 Locus

1939 1845 2064 1901 simi
2085 1843 2344 1900 Germani
2372 1842 2538 1897 titulo
2559 1840 2880 1910 clarissima,
2908 1840 3301 1898 miraculorum
3323 1838 3541 1895 exhibi-

1939 1934 2088 1990 tione
2120 1931 2584 2007 frequentissima,
2617 1938 2898 1987 ostentans
2939 1929 3122 1985 adhuc
3155 1928 3408 1985 eumdem
3450 1943 3540 2000 pa-

1938 2024 2131 2079 rietem
2162 2022 2364 2077 rimosa
2393 2020 2648 2076 cicatrice
2680 2019 3005 2086 notabilem,
3050 2019 3542 2089 praeferentemque

1940 2112 1999 2168 in
2027 2128 2084 2167 se
2113 2110 2427 2182 apostolicae
2459 2107 2779 2165 testimonia
2811 2106 3122 2163 sanctitatis
3142 2118 3185 2163 ⁸.

2014 2199 2099 2254 14.
2131 2199 2273 2253 Raro
2302 2214 2534 2269 usquam
2563 2204 2657 2251 aut
2684 2196 2905 2263 mansit,
2934 2203 3027 2251 aut
3046 2193 3257 2263 docuit,
3288 2210 3401 2269 quo
3421 2209 3536 2250 non

1941 2307 2052 2347 suae
2095 2289 2391 2360 singularis
2448 2287 2793 2344 excellentiae
2843 2285 3133 2357 magniﬁca
3188 2293 3546 2341 monumenta

1939 2378 2245 2453 perdurent
2270 2395 2281 2432 :
2315 2377 2425 2449 piis
2452 2375 2653 2431 animis
2682 2376 2769 2447 pie
2798 2374 2865 2431 de
2896 2376 3009 2430 Deo
3038 2373 3403 2429 sentientibus
3450 2388 3547 2428 sa—

1940 2468 2182 2525 tisfaciet
2212 2483 2241 2523 e
2284 2465 2477 2522 multis
2521 2465 2770 2538 paucitas
2816 2464 3093 2519 adnotata.
3146 2463 3273 2519 Hac
3314 2477 3444 2517 sane
3481 2478 3546 2518 eo

1940 2559 2253 2615 referuntur
2294 2556 2491 2625 tutius,
2549 2572 2659 2630 quo
2708 2562 3012 2611 noscuntur
3052 2554 3277 2622 certius,
3331 2553 3547 2628 conspi-

1940 2648 2166 2706 ciuntur
2198 2646 2536 2720 praesentius.
2571 2645 2673 2700 Per
2701 2659 2899 2716 pagum
2930 2642 3243 2700 Tullensem
3272 2642 3379 2699 iter
3425 2657 3540 2698 car-

1940 2755 2095 2814 pens,
2126 2736 2291 2794 obvia
2316 2737 2647 2810 populorum
2675 2746 2937 2807 exceptus
2985 2734 3365 2803 multitudine,
3405 2750 3540 2808 quo-

1941 2830 2068 2887 dam
2115 2829 2316 2886 resedit
2374 2828 2514 2895 loco,
2566 2833 3055 2899 occurrentemque
3130 2824 3347 2880 turbam
3381 2823 3545 2883 verbi

1940 2920 2197 2977 salutaris
2225 2916 2611 2974 exhortatione
2641 2916 2998 2981 formaturus,
3029 2912 3337 2980 colurnam,
3373 2927 3543 2985 quam

1940 3010 2081 3081 forte
2104 3023 2268 3063 manu
2297 3004 2559 3079 gestabat,
2593 3003 2801 3074 virgam
2835 3001 2991 3058 humi
3019 3000 3235 3056 deﬁxit.
3260 3000 3547 3069 Explicita

217 3115 441 3174 quoque
471 3101 713 3173 cespitis,
753 3104 841 3159 cui
878 3109 1098 3159 sanctus
1125 3102 1180 3158 in
1227 3101 1478 3158 oratione
1525 3107 1831 3173 prostratus
1857 3124 1900 3183 ρ
1941 3094 2329 3168 praedicatione
2364 3095 2596 3167 (mirum
2638 3090 2785 3164 quod
2814 3091 2923 3146 fuit
2956 3092 3102 3157 visu,
3136 3090 3346 3145 mirum
3395 3090 3546 3162 quod

216 3187 500 3257 incubuit,
524 3205 731 3261 magnae
753 3189 933 3248 adhuc
962 3191 1226 3247 omnibus
1254 3197 1433 3248 exstat
1459 3188 1829 3256 venerationi,

216 3277 468 3334 cancello
499 3277 677 3350 ligneo
702 3281 975 3352 opposito,
1000 3288 1162 3353 atque
1189 3297 1219 3336 a
1247 3280 1653 3353 permeantium
1676 3277 1829 3351 pedi-

217 3366 328 3422 bus
354 3376 576 3424 sacratae
606 3376 762 3425 terra:
796 3371 1021 3427 locuum
1056 3368 1403 3425 defendente.

300 3456 383 3512 12.
417 3456 567 3512 Idem
586 3458 928 3512 territorium
949 3458 1007 3510 in
1031 3456 1257 3525 publico
1278 3470 1470 3525 aggere
1492 3454 1680 3510 vicum
1702 3472 1829 3513 con-

217 3544 367 3601 tinet
397 3544 713 3617 quemdam,
746 3544 841 3614 qui
884 3559 954 3596 ex
982 3543 1210 3612 antiquo
1240 3543 1503 3599 Basilicas
1534 3559 1832 3617 nuncupa-

215 3642 336 3702 tus,
364 3631 566 3704 patrati
597 3628 741 3701 apud
761 3645 817 3684 se
845 3628 1055 3685 dudum
1086 3629 1341 3685 miraculi
1362 3631 1629 3688 famosam
1651 3633 1833 3692 adhuc

216 3724 469 3776 ostentat
506 3716 857 3774 evidentiam.
885 3716 1120 3784 Quidam
1166 3734 1404 3791 namque
1437 3718 1554 3790 ejus
1584 3720 1693 3778 loci
1736 3722 1834 3777 in-

217 3809 368 3876 cola,
401 3823 594 3880 genere
619 3808 972 3880 conspicuus,
1002 3808 1178 3880 copiis
1208 3810 1525 3880 opulentus,
1550 3811 1830 3884 ingentem

218 3900 285 3954 in
321 3896 496 3953 fundo
521 3913 620 3953 suo
649 3896 939 3954 conductis
967 3895 1271 3953 artiﬁcibus
1300 3898 1618 3956 exstruebat
1637 3901 1827 3956 eccle-

231 3986 414 4043 siam:
450 3985 607 4058 cujus
645 3986 789 4041 mole
824 3984 1170 4059 aliquatenus
1200 3985 1314 4058 jam
1354 3987 1412 4043 in
1442 3986 1678 4043 sublime
1696 4005 1836 4061 por-

219 4082 394 4144 recta,
444 4090 569 4131 cum
612 4073 680 4130 ad
717 4074 1214 4131 consummandam
1252 4075 1330 4145 id,
1387 4075 1537 4149 quod
1593 4076 1834 4133 restabat

222 4167 427 4241 operis,
454 4167 620 4223 anxia
640 4174 977 4224 structorum
1000 4167 1230 4225 instaret
1256 4168 1566 4242 diligentia,
1592 4169 1681 4226 die
1705 4186 1833 4243 qua-

221 4257 353 4314 dam
380 4258 439 4314 in
469 4256 712 4329 ejusdem
739 4255 961 4313 aediﬁcii
986 4258 1233 4314 culmine
1262 4259 1557 4327 stantibus,
1588 4275 1835 4333 opusque

224 4346 368 4401 mire
398 4345 818 4420 properantibus
840 4345 1175 4416 architectis,
1208 4347 1409 4420 paries,
1431 4347 1522 4404 cui
1545 4347 1834 4406 insisteba-

227 4443 339 4504 tur,
378 4451 408 4491 a
435 4452 651 4492 summo
675 4435 745 4492 ad
773 4435 885 4491 ima
913 4436 1259 4493 fundamenti
1288 4436 1367 4492 ita
1391 4447 1682 4509 perruptus
1710 4437 1835 4494 dis-

224 4532 516 4598 sectusque
549 4533 649 4595 est,
703 4532 767 4581 ut
806 4524 1132 4581 nutantibus
1164 4525 1413 4598 partibus
1452 4526 1559 4582 sibi
1590 4527 1835 4595 ruinam,

223 4616 667 4689 superstantibus
694 4632 825 4672 vero
856 4616 1172 4689 proximum
1207 4632 1237 4672 e
1269 4617 1502 4689 vestigio
1530 4617 1838 4675 minaretur

226 4706 1036 4764 interitum.Caementariorum
1057 4705 1336 4779 imperitia
1354 4707 1656 4779 collapsum
1674 4724 1831 4780 opus,

226 4812 301 4853 an
329 4795 736 4868 dispensatione
784 4810 871 4851 res
916 4795 1185 4851 humanas
1233 4795 1627 4853 ordinabiliter
1672 4797 1835 4868 dige-

227 4892 384 4941 rente
416 4883 515 4958 [αι.
539 4883 859 4958 dirigente],
881 4883 1148 4957 patrando
1174 4884 1343 4941 fuerit
1374 4885 1628 4942 materies
1652 4884 1836 4942 oblata

228 4975 518 5042 miraculo,
548 4974 607 5030 id
641 4989 772 5029 vero
802 4989 913 5029 non
936 4973 1098 5030 facile
1130 4974 1513 5032 discreverim.

304 5063 389 5119 13.
430 5062 572 5120 Casu
599 5062 906 5120 Germanus
933 5062 1313 5121 sanctissimos
1350 5081 1418 5120 ex
1448 5064 1677 5121 adverso
1704 5074 1834 5138 ’pu—

301 5234 322 5271 _.
357 5196 532 5269 lIujus
558 5195 802 5271 ecclesiae
832 5196 978 5254 solos
1004 5198 1241 5271 parietes
1271 5215 1395 5256 cum
1443 5199 1601 5256 altari
1637 5216 1837 5271 super—

230 5268 419 5335 fuisse,
448 5268 578 5327 cum
605 5268 888 5337 scriberet,
920 5268 1156 5326 testatur
1186 5270 1348 5328 Viola
1397 5272 1457 5328 in
1488 5272 1615 5330 Vita
1661 5268 1834 5328 sancti

233 5340 444 5413 Gallica
482 5356 602 5413 cap.
636 5339 726 5409 28,
761 5356 880 5413 pag.
915 5340 1041 5413 207.

302 5426 326 5487 _b
359 5411 637 5487 _Cambiita_
666 5411 778 5468 seu
804 5411 1067 5487 cumbam
1114 5411 1344 5471 baculus
1386 5415 1692 5487 appellatur
1720 5413 1835 5471 sive

236 5482 433 5610 βοὶιὲῗ,
453 5483 843 5564 quonituntur
865 5484 1235 5554 ambulantes,
1259 5494 1321 5542 ut
1343 5482 1585 5543 ostendit
1600 5486 1837 5559 Cangius

236 5570 293 5609 in
403 5571 635 5610 ossario.

234 5570 293 5609 In
331 5570 635 5611 UlOSSﬁI’lO.

306 5631 326 5657 ο
366 5628 543 5699 Pagus
602 5625 947 5698 Vastinensis,
987 5627 1153 5701 vulgo
1198 5629 1243 5686 le
1288 5629 1576 5701 Gastinois,
1633 5636 1836 5689 tractus

1941 3196 2022 3244 est
2053 3195 2106 3243 et
2125 3188 2303 3257 dictu)
2330 3185 2667 3245 ramusculos
2690 3182 2804 3255 jam
2826 3181 3156 3254 frondesque
3180 3180 3538 3253 produxerat.

1941 3278 2070 3334 Haec
2099 3278 2158 3333 in
2185 3276 2304 3348 ejus
2333 3274 2713 3332 testimonium
2742 3271 3051 3329 sanctitatis
3080 3270 3139 3327 in
3168 3271 3420 3343 corylum
3459 3286 3546 3327 ro.

1940 3365 2093 3422 boris
2121 3365 2377 3421 immensi
2405 3362 2712 3429 convaluit,
2745 3369 2906 3434 atque
2935 3375 3107 3433 usque
3134 3359 3296 3416 hodie
3327 3359 3546 3431 ingenti

1943 3455 2010 3511 ab
2039 3455 2296 3511 omnibus
2325 3453 2539 3510 cautela
2567 3458 2889 3519 veneratur,
2922 3466 2989 3506 ne
3019 3457 3113 3506 aut
3159 3465 3373 3505 ramum
3421 3448 3545 3521 quis

1943 3561 2009 3601 ex
2040 3561 2103 3601 ea
2130 3544 2440 3616 decerpere,
2472 3540 2711 3598 autiude
2723 3556 2855 3599 cens
2874 3539 3156 3614 quidpiam
3183 3537 3285 3595 sub
3314 3537 3431 3607 illa,
3451 3545 3546 3594 aut

1941 3633 2087 3692 circa
2113 3632 2289 3700 illam,
2319 3633 2514 3689 audeat
2555 3639 2896 3705 perpetrare.
2944 3631 2997 3687 Is
3048 3630 3202 3686 locus
3246 3644 3359 3685 non
3398 3642 3546 3701 quo-

1943 3740 2047 3798 que
2075 3724 2378 3797 vulgariter
2397 3722 2483 3779 Ad
2513 3722 2865 3781 cambuttam
2888 3715 2911 3751 ¹³
2934 3720 2989 3777 S.
3022 3719 3285 3776 Germani
3318 3717 3542 3775 dicitur.

2016 3817 2101 3877 15.
2134 3818 2197 3873 In
2225 3832 2361 3889 pago
2391 3830 2617 3888 quoque
2635 3813 2951 3873 Vastinensi
2980 3826 3021 3879 ο,
3053 3810 3110 3866 in
3132 3810 3339 3867 vicinia
3360 3809 3547 3882 Gajaci

1944 3906 2283 3974 monasterii,
2310 3904 2601 3976 interjecto
2625 3903 2858 3962 Odonna
2880 3901 3128 3971 ﬂumine,
3154 3900 3307 3973 fagus
3325 3907 3408 3957 est
3445 3897 3545 3955 mi-

1944 3993 2130 4048 randae
2159 3995 2576 4064 magnitudinis,
2625 3994 2812 4067 stipite
2846 4007 3090 4066 procera,
3118 4005 3396 4047 ramorum
3422 4004 3550 4045 am-

1944 4082 2066 4138 bitu
2087 4081 2417 4148 vastissima,
2439 4083 2710 4138 densitate
2738 4099 2908 4155 opaca
2931 4101 2942 4139 :
2968 4099 3090 4155 quae
3112 4081 3371 4138 similiter
3396 4095 3547 4138 sanc-

1944 4172 1988 4227 ti
2018 4171 2226 4226 virtute
2246 4168 2522 4241 pontiﬁcis
2547 4169 2827 4224 coaluisse
2853 4169 3238 4226 incunctanter
3266 4171 3545 4240 asseritur,

1960 4260 2093 4317 dum
2125 4266 2587 4332 postsermonem
2622 4272 2684 4311 eo
2715 4256 2821 4312 loci
2850 4256 2918 4311 ad
2964 4258 3228 4328 populum
3276 4258 3547 4327 habitum,

1944 4350 2235 4416 bacillum,
2287 4363 2396 4420 quo
2433 4346 2634 4402 seniles
2687 4343 2905 4416 regebat
2947 4351 3119 4412 artus,
3156 4342 3343 4397 telluri
3384 4345 3551 4399 altius

1945 4436 2250 4493 deﬁxisset.
2298 4436 2427 4492 Haec
2467 4451 2566 4508 pro
2614 4434 2877 4491 insolenti
2920 4434 3301 4507 magnitudine
3354 4431 3423 4488 ad
3464 4433 3550 4490 sui

1946 4527 2322 4598 spectaculum
2352 4525 2557 4580 multos
2585 4538 2614 4578 e
2642 4522 2916 4596 contiguis
2955 4523 3154 4581 ascivit
3201 4520 3539 4596 regionibus.

1949 4615 2193 4672 Ecclesia
2220 4630 2377 4672 secus
2422 4612 2675 4669 arborem
2722 4619 2804 4669 est
2841 4612 2959 4687 ejus
3006 4611 3240 4685 insignis
3281 4609 3540 4676 nomine;

1947 4706 2209 4779 locusque
2236 4704 2382 4762 idem
2422 4703 2510 4761 Ad
2546 4703 2731 4776 fagum
2775 4702 2833 4761 S.
2896 4703 3155 4761 Germani
3203 4699 3545 4777 populariter

1947 4800 2321 4866 nuncupatur.

2019 4882 2105 4941 16.
2134 4883 2291 4952 Quod
2319 4898 2448 4940 sane
2470 4880 2878 4939 venerabilium
2905 4887 3215 4955 martyrum
3235 4879 3396 4937 busta
3415 4894 3550 4952 pon-

1948 4974 2185 5032 tiﬁcatus
2205 4975 2323 5049 ejus
2345 4984 2589 5050 tempore
2616 4983 2896 5049 comperta
2917 4974 3258 5041 claruerunt,
3283 4971 3407 5045 quis
3421 4968 3545 5042 jure

1946 5081 1977 5120 a
1995 5066 2275 5125 miraculis
2291 5067 2682 5141 excipiendum
2694 5064 2945 5139 judicet?
2970 5064 3181 5121 Sanctae
3211 5061 3379 5134 igitur
3399 5059 3551 5116 illius

1945 5208 2026 5258 est
2056 5201 2245 5258 Gallim
2269 5202 2336 5279 in_
2351 5201 2638 5279 provincia
2657 5199 2857 5256 Insulae
2880 5196 3352 5279 Ij‘rancigelln'illo
3377 5200 3554 5279 tractu

1945 5282 2027 5349 est
2049 5266 2427 5349 monasterizim
2458 5274 2736 5349 (ξαίᾳσιινη2
2774 5269 3101 5349 parthenoni
3132 5269 3371 5349 S_._Far§a
3404 5266 3549 5349 sub-

1938 5344 2173 5421 jectum,
2225 5345 2404 5421 tribus
2451 5345 2693 5421 circiter
2722 5339 2894 5400 leucis
2931 5343 3023 5421 _ab_r
3052 5341 3277 5421 oppido
3302 5339 3549 5421 Mpntis-

1947 5411 2186 5489 'Arigisi;
2230 5416 2296 5471 de
2318 5432 2429 5489 quo
2480 5415 2733 5489 omnobio
2781 5414 3034 5489 meminit
3087 5411 3551 5489 Mabillouiusjn

1949 5481 2261 5563 Andalibus
2315 5481 2692 5547 Benedictinis
2737 5486 2807 5543 ad
2865 5503 3069 5545 annum
3144 5481 3350 5543 Christi
3424 5482 3552 5563 8’11,

1952 5577 2108 5623 num.
2139 5559 2227 5619 41.
