4066 6190
551 251 686 312 1215

1572 241 1813 300 HERICI
1851 239 2175 300 MONACHI
2212 234 2823 296 ANTISSIODOENSIS

3719 230 3891 289 1216

544 402 944 471 multitudinis,
976 415 1140 474 quam
1169 415 1297 457 cum
1325 397 1485 454 beato
1512 397 1699 453 Prisco
1720 409 1747 437 ι
1774 394 1919 469 apud
1960 394 2143 451 locum
2171 393 2223 455 Α
2256 389 2675 462 Septuagesimee
2699 393 2915 444 tantum
2948 383 3037 440 die
3065 382 3382 474 Dominico,
3412 398 3554 474 cum
3572 398 3751 474 supra
3774 400 3897 474 me-

544 496 838 553 Gotiacum
864 493 1175 550 Aurelianre
1206 488 1609 563 persecutionis
1632 486 1932 542 trucidavit
1957 485 2149 540 imma-

544 585 708 652 nitas,
741 582 1109 640 sacratissima
1136 595 1370 651 corpora
1416 584 1639 650 propter
1692 576 2013 632 saevientem
2055 590 2154 629 ra-

542 674 687 731 biem
718 675 859 729 clam
892 672 1186 739 subducta,
1221 669 1281 724 in
1311 669 1551 725 cisterna
1579 666 1815 740 quadam
1838 664 2155 721 vastissima

543 781 576 820 a
606 763 959 831 Christianis,
997 762 1091 835 qui
1124 770 1241 817 tum
1283 759 1595 815 existebant
1625 754 1915 822 rarissimi,
1955 752 2154 823 passim

540 859 798 925 congesta
857 858 1009 907 sunt.
1057 852 1265 905 Horum
1325 847 1592 903 memoria
1644 846 1807 915 longo
1849 842 2153 898 labentium

542 947 853 1011 temporum
882 940 1173 995 obscurata
1198 937 1445 1003 deﬂuxu,
1477 935 1547 990 ad
1598 941 1817 1005 tempus
1841 948 2011 1002 usque
2028 930 2155 985 Ger-

542 1032 691 1087 mani
728 1029 1062 1087 sanctissimi
1108 1029 1322 1085 cunctis
1360 1029 1553 1101 ignota
1584 1025 1849 1082 delituit:
1883 1040 1991 1096 quo
2022 1039 2154 1095 prae-

539 1122 677 1189 sule,
706 1122 871 1187 Deus,
904 1119 964 1173 in
990 1117 1151 1188 cujus
1192 1124 1491 1188 conspectu
1549 1131 1777 1172 suorum
1820 1129 2033 1186 semper
2074 1109 2156 1166 est

540 1226 688 1265 mors
714 1209 952 1280 pretiosa
976 1216 1317 1275 sanctorum,
1350 1205 1651 1278 disponens
1710 1205 1935 1260 illorum
1963 1211 2155 1273 patro-

537 1296 690 1354 cinio
719 1296 938 1367 populis
969 1294 1287 1363 subvenire,
1323 1293 1633 1351 veneranda
1678 1308 1877 1347 eorum
1927 1305 2154 1362 corpora

540 1386 883 1454 declaravit;
917 1394 1080 1458 caput
1110 1401 1326 1459 quoque
1356 1382 1662 1441 beatissimi
1690 1381 1863 1438 Prisci
1889 1379 2151 1451 martyris

539 1475 719 1532 eidem
753 1474 912 1531 miris
942 1478 1191 1532 revelans
1223 1474 1437 1531 modis:
1468 1475 1558 1532 cui
1598 1471 1952 1530 recondenda
2006 1486 2151 1543 qua-

538 1573 665 1621 tuor
693 1565 761 1621 ab
790 1566 926 1623 urbe
953 1565 1200 1622 millibus
1228 1564 1518 1622 ecclesiam
1567 1570 1905 1619 construens
1951 1575 2153 1616 conse-

536 1653 747 1722 cravit;
770 1671 933 1727 quam
955 1656 1238 1727 signorum
1257 1655 1417 1729 copia
1436 1654 1699 1712 continue
1735 1653 1965 1710 afﬂuens
1978 1666 2148 1722 popu-

2263 487 2472 535 morato
2504 479 2711 551 psalmo
2741 474 3016 531 modulari
3046 472 3356 540 consuevit,
3410 471 3561 545 quod
3595 472 3663 526 in
3696 472 3892 543 primo

2263 591 2425 631 versu
2455 575 2643 641 semel,
2679 573 2733 628 in
2762 570 3001 628 secundo
3039 568 3145 636 bis,
3179 568 3236 623 in
3273 566 3439 622 tertio
3489 566 3684 622 tribus
3733 566 3894 623 reci-

2263 673 2548 739 procatum
2597 661 2830 728 vicibus,
2883 660 2941 715 in
2986 666 3183 731 quarto
3223 656 3451 713 demum
3491 655 3813 712 reiteratur
3860 676 3889 714 a

2263 754 2439 825 capite
2465 771 2476 809 :
2509 758 2778 824 quantum
2808 756 2988 804 autem
3020 762 3163 813 reor,
3188 746 3244 800 in
3277 745 3551 800 honorem
3583 753 3809 800 sanctae
3839 755 3890 801 et

2266 842 2568 899 individuaa.
2618 839 2905 896 Trinitatis
2953 844 3329 908 competenter
3366 835 3612 891 canitur.
3660 834 3727 890 Id
3762 851 3890 891 cum

2264 939 2471 988 teneret
2489 925 3095 997 memoria,convocatis
3118 932 3238 998 post
3259 924 3508 979 solemne
3524 925 3887 979 matutinum

2266 1023 2543 1089 fratribus,
2576 1021 2904 1092 traditaque,
2938 1032 3098 1088 quam
3138 1020 3470 1086 perceperat,
3506 1012 3885 1080 revelatione,

2264 1120 2325 1167 ut
2358 1128 2441 1166 res
2470 1111 2609 1166 foret
2631 1108 2896 1175 testatior,
2923 1103 3357 1159 modulationem
3380 1117 3604 1173 quoque
3623 1118 3884 1173 compar.

2262 1208 2373 1255 tam
2404 1215 2495 1254 eos
2519 1198 2776 1263 edocuit;
2824 1194 2982 1266 cujus
3030 1191 3213 1247 omnis
3251 1189 3499 1246 suavitas
3552 1191 3831 1262 protinus
3857 1208 3885 1245 a

2264 1296 2444 1343 mente
2491 1286 2642 1341 illius
2690 1286 2765 1339 ita
2812 1284 2993 1355 elapsa
3060 1288 3161 1347 est,
3216 1286 3278 1334 ut
3320 1294 3431 1334 non
3462 1277 3573 1331 nisi
3611 1277 3883 1334 vocabuli

2262 1374 2609 1433 solummodo
2624 1374 2881 1444 deinceps
2907 1368 3187 1426 reminisci
3206 1367 3466 1440 potuerit.
3492 1365 3653 1432 Quod
3675 1367 3731 1421 ei
3751 1366 3883 1437 jure

2260 1465 2556 1537 contigisse
2590 1472 2847 1536 putatur;
2881 1469 2943 1516 ut
2972 1459 3039 1527 is,
3072 1459 3167 1530 qui
3214 1458 3469 1513 intimata
3507 1456 3619 1511 sibi
3660 1467 3880 1512 secreta

2261 1556 2503 1613 coelestia
2533 1552 2845 1609 inconsulte
2875 1547 3139 1622 prodidit,
3167 1546 3294 1601 aliis
3324 1547 3380 1601 id
3410 1544 3477 1600 ad
3512 1545 3744 1600 laudem
3782 1547 3877 1601 Dei

2260 1646 2645 1712 retinentibus,
2698 1661 2794 1700 sua
2842 1642 3013 1698 solius
3045 1640 3169 1713 [al.,
3203 1638 3376 1713 solus]
3406 1639 3733 1711 ignorantia
3768 1657 3877 1711 pu-

537 1743 717 1801 lorum
777 1746 1138 1804 concursibus
1182 1748 1314 1804 facit
1361 1763 1477 1804 esse
1525 1746 1820 1803 celebrem.
1871 1744 1987 1800 Hoc
2034 1757 2124 1797 nor

2258 1737 2488 1793 niretur.
2521 1733 2679 1801 Quod
2707 1734 2908 1788 Paulus
2941 1731 3222 1803 apostolus
3250 1745 3307 1784 se
3347 1737 3597 1784 metuere
3649 1729 3878 1801 signifi-

535 1834 761 1893 aliunde
780 1846 1215 1895 commentatum
1239 1858 1253 1907 ;
1278 1856 1473 1896 verum
1496 1855 1567 1895 ex
1587 1839 1861 1895 relatione
1880 1835 2151 1910 passionis

535 1939 725 1982 eorum
765 1926 980 1985 sincera
1008 1929 1273 1986 relatione
1304 1930 1579 1985 insertum
1625 1936 1731 1984 est.

1176 2041 1405 2097 CAPUT
1444 2043 1513 2096 ΙΙ.

603 2122 735 2180 Alia
767 2127 1009 2195 quaedam
1037 2127 1110 2199 ad
1142 2126 1254 2196 ejus
1288 2130 1449 2183 vitam
1477 2127 1769 2199 spectantia
1815 2142 1978 2197 usque
2004 2125 2076 2180 ad

1023 2198 1221 2253 obitum
1259 2206 1308 2253 et
1343 2198 1638 2270 exsequias.

605 2292 691 2348 17.
711 2291 772 2348 Id
789 2309 1027 2367 quoque,
1052 2297 1199 2369 quod
1212 2297 1270 2352 in
1288 2297 1534 2353 ecclesiis
1546 2296 1613 2352 ab
1630 2296 1749 2369 ipso
1776 2294 2043 2352 dedicatis
2054 2311 2143 2367 po-

531 2382 725 2440 tiorem
752 2383 958 2441 divinae
986 2385 1213 2442 virtutis
1234 2386 1572 2442 evidentiam
1603 2387 1660 2441 in
1693 2387 2022 2443 exhibendis
2045 2388 2141 2442 mi-

530 2476 732 2531 raculis
760 2491 922 2531 nemo
953 2475 1065 2533 fere
1107 2477 1339 2549 ambigit
1383 2479 1676 2544 declarari,
1730 2495 1761 2533 a
1808 2479 2141 2536 salutaribus

531 2563 853 2620 meritorum
882 2564 1000 2637 ejus
1036 2566 1326 2638 praeconiis
1365 2567 1670 2639 abjudicari
1734 2567 2140 2624 inhumanissi—

531 2668 682 2708 mum
716 2654 1261 2728 inopportunumque
1291 2665 1533 2729 putatur.
1559 2659 1715 2726 Quod
1733 2666 1793 2713 ut
1822 2659 2135 2731 fiatperspi-

529 2755 718 2810 cuum,
750 2759 862 2798 uno
892 2753 1132 2814 tantum,
1162 2747 1464 2819 eodemque
1492 2764 1603 2803 non
1637 2748 1926 2816 incelebri,
1976 2749 2133 2804 nite-

529 2844 656 2882 mur
682 2833 959 2900 exemplo.
994 2835 1263 2891 Reversus
1292 2853 1361 2891 ex
1389 2838 1713 2905 Britanniis,
1762 2838 2018 2911 reliquias
2040 2854 2132 2893 an-

526 2916 826 2986 tiquissimi
851 2917 1184 2989 pretiosique
1202 2922 1398 2976 Albani
1426 2926 1686 2995 martyris
1711 2942 1895 2981 secum
1911 2926 2128 2997 detulit,

523 3008 688 3075 atque
717 3002 862 3058 infra
892 3020 1080 3061 muros
1108 3007 1482 3064 Antissiodori
1524 3010 1808 3067 basilicam
1858 3014 1938 3069 eis
1988 3029 2130 3070 con—

2262 1843 2414 1892 cans,
2468 1827 2670 1881 fatetur
2712 1840 2768 1879 se
2816 1822 3031 1878 audisse
3082 1836 3286 1876 arcana
3332 1818 3523 1887 verba,
3568 1837 3696 1892 qua:
3767 1837 3870 1876 non

2262 1916 2391 1971 licet
2416 1915 2630 1970 homini
2662 1913 2833 1984 loqui.
2862 1912 2934 1967 Et
2954 1911 3150 1967 Joanni
3176 1908 3522 1982 praecipitur,
3555 1924 3626 1963 ne
3643 1909 3826 1981 signet
3848 1910 3869 1943 ³³
3919 1960 3926 1967 .

2261 2022 2380 2078 quae
2414 2006 2590 2060 locuta
2633 2010 2761 2058 sunt
2815 2009 3022 2073 septem
3070 2001 3333 2056 tonitrua.
3375 1998 3595 2053 Animae
3645 2016 3867 2072 quoque

2258 2094 2451 2150 divina
2472 2091 2778 2164 speculanti
2813 2090 3041 2162 jubetur
3073 2106 3084 2143 :
3133 2089 3301 2156 Audi,
3352 2088 3546 2155 Israel,
3578 2096 3631 2143 et
3670 2096 3795 2144 tace
3828 2099 3865 2145 ⁸.

2256 2183 2429 2238 Multa
2465 2180 2611 2253 apud
2641 2179 2787 2234 idem
2818 2178 3117 2255 oratorium
3148 2184 3504 2233 recensentur
3533 2177 3737 2232 collata
3768 2176 3864 2233 be-

2256 2270 2471 2337 neﬁcia,
2496 2285 2621 2325 cum
2645 2267 2701 2322 in
2723 2268 3046 2339 expulsione
3067 2266 3405 2335 daemonum,
3424 2274 3545 2321 tum
3567 2267 3632 2322 in
3657 2266 3863 2321 illumi-

2254 2361 2477 2417 natione
2509 2375 2777 2415 caecorum
2807 2376 2819 2424 ;
2852 2358 2910 2412 in
2942 2357 3029 2412 his
3075 2372 3208 2412 vero
3238 2373 3401 2429 quam
3447 2357 3718 2424 maxime,
3766 2356 3860 2429 qui

2252 2449 2466 2505 diversa
2500 2447 2736 2503 febrium
2768 2446 3075 2503 accessione
3097 2446 3281 2501 vexati
3310 2444 3377 2500 ad
3406 2446 3589 2502 locum
3621 2464 3703 2517 se,
3725 2464 3859 2503 san-

2249 2548 2465 2597 ctorum
2496 2539 2801 2611 imploratis
2828 2537 3169 2610 patrociniis,
3201 2538 3582 2593 contulerunt.

2320 2650 2406 2706 19.
2440 2647 2741 2704 Ecclesiam
2775 2645 2864 2701 cui
2904 2647 3101 2718 praesul
3147 2653 3281 2714 erat,
3317 2662 3427 2701 non
3465 2647 3855 2718 spiritualibus

2246 2740 2432 2807 modo,
2474 2754 2665 2793 verum
2715 2744 2769 2791 et
2798 2736 3194 2807 temporalibus
3239 2735 3622 2806 copiosissime
3652 2738 3854 2793 extulit

2245 2827 2619 2884 incrementis.
2670 2824 2840 2897 Cujus
2866 2825 2927 2879 in
2970 2824 3405 2896 possessionibus
3450 2825 3686 2881 facultas
3724 2835 3852 2881 ante

2242 2917 2422 2989 ipsum
2446 2933 2609 2989 quam
2636 2914 2799 2970 fuerit
2820 2913 3101 2985 perexilis,
3124 2913 3287 2969 facile
3311 2913 3501 2985 colligi
3533 2922 3751 2985 potest;
3779 2915 3845 2983 si,

2242 3004 2498 3077 qualibus
2515 3019 2632 3059 eam
2652 3002 2827 3074 copiis
2842 3011 3056 3057 auctam
3073 3002 3318 3074 reliquit,
3341 3002 3514 3074 aequis
3535 3003 3849 3059 rationibus

523 3090 722 3149 dendis
752 3093 1123 3164 exaadificans,
1155 3097 1367 3168 praefati
1407 3100 1669 3172 martyris
1700 3102 1923 3157 nomine
1962 3102 2128 3158 dedi-
2159 3112 2203 3173 ο
2241 3094 2612 3167 inspectetur:
2646 3110 2772 3149 nam
2812 3093 2941 3167 quia
2968 3102 3234 3166 quantum
3264 3092 3333 3148 ad
3349 3094 3578 3162 natales,
3615 3094 3845 3150 nobilis-

521 3182 705 3238 cavit:
739 3183 799 3238 in
830 3200 938 3256 qua
967 3184 1154 3242 ferunt
1185 3188 1475 3258 quemdam
1502 3188 1667 3245 anxie
1700 3190 2015 3262 religiosum
2038 3194 2126 3250 de-

520 3271 757 3328 servisse
809 3273 1211 3347 presbyterum,
1262 3276 1357 3348 qui
1406 3276 1553 3334 inter
1596 3287 1791 3336 caetera
1840 3282 2125 3353 probitatis

519 3361 704 3416 studia
735 3362 793 3417 id
824 3362 929 3419 sibi
961 3364 1233 3422 familiare
1260 3366 1533 3435 effecerat,
1560 3376 1641 3437 ut,
1684 3369 1839 3441 signo
1882 3371 2123 3431 basilicze

414 3526 423 3533 -
516 3449 749 3507 senioris
797 3452 1136 3525 increpante,
1187 3472 1386 3528 corpus
1427 3472 1455 3511 e
1498 3457 1639 3514 lecto
1684 3460 2007 3532 corripiens,
2054 3464 2119 3519 ad

513 3540 799 3597 ecclesiam
819 3558 984 3613 quam
1004 3544 1290 3600 celerrime
1315 3555 1657 3618 properaret;
1695 3548 1937 3622 dumque
1979 3550 2118 3622 ejus-

512 3629 664 3685 modi
685 3646 811 3702 erga
825 3631 1080 3687 divinum
1100 3633 1393 3690 servitium
1417 3635 1648 3692 instaret
1672 3638 1984 3709 vigilantia,
2010 3659 2118 3698 una

514 3716 784 3785 noctium,
831 3736 956 3774 cum
1004 3737 1036 3775 a
1083 3722 1300 3793 propria
1349 3724 1698 3795 egrederetur
1758 3727 1943 3797 domo,
1995 3746 2114 3802 quae

512 3804 838 3875 supradictas
878 3807 1120 3866 basilicae
1159 3809 1471 3867 adhaerebat
1518 3815 1829 3885 angelicum
1875 3817 2110 3888 audivit,

510 3891 764 3961 chorum,
797 3896 1118 3956 harmonica
1141 3901 1525 3955 concinentem
1551 3905 1929 3972 consonantia,
1964 3907 2109 3963 Alle—

508 3982 643 4053 luia,
675 4003 800 4041 cum
828 3988 1037 4058 psalmo
1068 4006 1296 4058 cxm'm,
1329 3993 1422 4063 qui
1471 3993 1816 4065 inscribitur,
1870 4000 2111 4057 Laudate

505 4072 792 4129 Dominum
835 4075 898 4129 de
924 4077 1084 4146 oculis,
1126 4079 1194 4135 ad
1244 4079 1409 4137 finem
1461 4099 1632 4157 usque
1684 4086 1955 4146 Psalterii.
1999 4090 2104 4158 Qui

507 4163 762 4219 attonitis
790 4163 1017 4221 auribus
1043 4166 1111 4223 ad
1141 4170 1343 4224 ostium
1366 4174 1594 4229 oratorii
1614 4178 1941 4239 auscultans
1962 4180 2102 4237 dili-

502 4254 739 4325 gentius,
772 4255 1017 4311 eamdem
1049 4260 1368 4316 memoriter
1397 4262 1596 4319 didicit
1638 4265 2091 4325 modulationem.

574 4340 660 4396 18.
710 4342 844 4397 Erat
886 4351 1067 4400 autem
1116 4347 1375 4417 Alleluia,
1423 4351 1569 4421 quod
1619 4360 1805 4407 nostra
1862 4356 2091 4414 ecclesia

572 4447 1006 4533 f'DemS;_Prisco
1038 4458 1092 4506 et
1118 4453 1283 4533 sociis
1328 4453 1447 4533 ejus
1494 4457 1621 4533 MM.
1669 4465 1857 4533 actum
1899 4469 1979 4516 est
2023 4463 2091 4519 ad
2116 4475 2163 4532 Ι)
2198 4462 2476 4533 lissimum,

498 4514 744 4644 233123-26
772 4520 924 4589 Maii,
956 4538 987 4577 a
1010 4538 1131 4595 pag.
1165 4524 1290 4593 365,
1322 4514 1417 4582 ubi
1445 4535 1498 4583 et
1527 4528 1643 4585 haec
1671 4529 1920 4587 invenies
1939 4514 2092 4589 ille:

496 4603 684 4644 atrata.

568 4660 700 4747 bﬁNe
726 4660 910 4747 signet,
932 4672 1040 4722 etc.
1066 4668 1183 4747 Imo
1204 4669 1610 4747 Apocalypseos
1630 4688 1748 4745 cap.
1773 4690 1831 4742 x,
1855 4691 2018 4732 versu
2040 4678 2091 4747 4,

498 4730 697 4813 legitur
722 4748 733 4785 :
770 4730 931 4813 Signa
960 4730 1286 4813 qy_(p_locuta
1334 4730 1471 4813 ,ςωῖξ
1502 4730 1712 4811 septem‘
1741 4730 2018 4813 tonitrua,—
2049 4730 2095 4804 Ei

493 4802 1101 4894 uicti-eascribm'erbi
1141 4810 1354 4879 signare
1407 4802 1567 4894 idem
1593 4822 1693 4894 est_
1714 4816 1861 4894 quod
1909 4802 2092 4894 sigillo

493 4871 873 4959 obsignareet
901 4879 1115 4933 occulta
1146 4871 1382 4959 sei-vare.
1417 4883 1647 4959 sensum
1678 4871 1772 4959 hic
1815 4871 2094 4959 ergo‘iie:

491 4951 639 5031 ricus
658 4951 925 5031 sequitur,
949 4951 1248 5031 non.verba
1271 4970 1283 5017 ;
1307 4969 1404 5031 per
1424 4954 1497 5008 Ne
1515 4956 1679 5031 signet
1708 4951 2085 5031 intelligendo,

487 5016 567 5071 Ne
606 5016 921 5094 p‘rodathe
951 5019 1174 5094 scribat,
1218 5016 1286 5077 ne
1309 5016 1497 5094 palam
1534 5016 1716 5082 faciat.

562 5087 1002 5172 fAudi,nIsrael,
1025 5087 1249 5172 βικὸς.-
1272 5087 1383 5149 non
1417 5096 1616 5165 legitur
1643 5098 1724 5154 sic
1749 5098 1805 5172 in
1829 5100 2083 5172 Vulgata;

486 5157 582 5213 sed
608 5158 754 5239 apud
781 5159 1159 5286 Septuaginta,
1194 5165 1351 5222 Deut.
1384 5157 1565 5236 xxvii,
1590 5185 1752 5224 versu
1772 5171 1824 5227 9.
1869 5157 2015 5241 Tacee,
2040 5157 2088 5229 et

487 5229 635 5286 audi.
696 5231 845 5286 18ναε
873 5274 885 5286 .
1009 5235 1384 5286 Hieronvmus
1426 5254 1642 5286 numine.
1685 5242 1749 5286 ad
1798 5243 2080 5286 Rnetimim

487 5229 885 5320 audi,'_L1sz:aei.
918 5229 1384 5320 Sfliieronymus
1411 5229 1642 5320 quoque
1685 5242 1753 5320 ad
1789 5229 2083 5320 _I_tus_ticuin

486 5300 817 5426 goaachum
847 5302 966 5360 haec
996 5306 1162 5363 verba
1196 5300 1373 5380 Moysi
1406 5300 1624 5380 tribuit,
1677 5314 1842 5381 Audi,
1886 5317 2081 5384 Israel,

617 5390 686 5426 ce.

484 5386 531 5424 ει
561 5386 686 5428 εασε.

560 5442 808 5529 d“Horum
857 5448 1079 5529 aliquot
1109 5460 1396 5529 enumerat
1425 5454 1665 5529 Historia
1695 5457 2077 5529 episcoporum

482 5511 1152 5601 ép_tissiod:_cap;_'7,mhi_s
1192 5524 1408 5601 verbis:
1459 5527 1556 5581 Hic
1584 5511 2077 5601 beatissimuspoii;

484 5580 617 5653 tifea:
650 5580 894 5643 basilica!
911 5591 966 5647 S.
995 5580 1247 5665 Stephani
1270 5580 1693 5670 protomartyris
1706 5580 1906 5671 agrum
1930 5580 2076 5656 urebi-

2238 3185 2409 3241 simus
2436 3185 2543 3239 fuit
2572 3184 2843 3240 nobilium
2870 3202 2882 3251 ;
2921 3192 3189 3256 quantum
3211 3182 3280 3237 ad
3304 3183 3610 3252 fortunam,
3632 3186 3692 3239 in
3724 3202 3843 3257 pos-

2236 3273 2569 3331 sessionibus
2649 3280 2703 3329 et
2750 3272 2970 3345 praediis
3022 3272 3425 3328 ditissimorum
3480 3272 3833 3341 ditissimus;

2235 3365 2506 3433 omnium,
2538 3381 2658 3437 quae
2685 3364 2736 3419 ei
2766 3381 2835 3419 ex
2871 3364 2995 3436 jure
3034 3370 3261 3435 paterno
3291 3372 3587 3432 cesserant,
3634 3365 3692 3421 in
3725 3367 3838 3422 vita

2232 3467 2329 3508 sua
2357 3451 2629 3507 haeredem
2675 3452 2806 3508 fecit
2843 3452 3148 3520 ecclesiam,
3200 3468 3361 3525 quam
3397 3451 3522 3522 ejus
3571 3469 3640 3507 ex
3684 3460 3832 3524 parte

2232 3540 2472 3596 maxima
2498 3541 2844 3614 patrimoniis
2866 3541 3137 3614 hodieque
3153 3550 3401 3598 constare
3422 3541 3830 3614 cognoscimus.

2229 3628 2369 3685 Sunt
2388 3638 2569 3685 autem
2602 3630 2806 3704 praedia
2835 3630 2951 3687 hac
2972 3647 3203 3687 numero
3225 3632 3501 3703 perplura,
3525 3630 3830 3704 quantitate

2227 3721 2586 3792 permaxima,
2636 3722 2838 3778 ﬁnibus
2878 3723 3134 3795 spatiosa,
3195 3723 3414 3798 sibique
3457 3724 3821 3791 contermina,

2224 3809 2363 3865 situs
2419 3811 2683 3882 qualitate
2722 3811 3145 3883 jucundissima,
3202 3813 3529 3868 reddituum
3581 3814 3825 3868 ubertate

2223 3901 2480 3970 praeclara
2508 3903 2553 3958 ἀ.
2584 3903 2795 3959 Horum
2826 3903 2883 3958 in
2915 3920 3046 3971 uno,
3079 3903 3169 3959 cui
3216 3904 3571 3976 Epponiacus
3621 3922 3692 3960 ex
3721 3922 3823 3960 ve-

2224 3995 2420 4046 tustate
2444 4007 2641 4048 nomen
2666 4001 2767 4062 est,
2802 3993 3130 4049 venerabilis
3152 3995 3367 4066 genitor
3395 3996 3538 4067 ejus,
3562 3996 3825 4052 Rusticus

2217 4093 2585 4155 nuncupatus,
2628 4101 2753 4142 cum
2786 4086 3069 4157 genitrice,
3110 4087 3445 4144 Germanilla
3479 4088 3730 4156 nomine,
3764 4088 3821 4145 in

2213 4173 2439 4229 ecclesia
2484 4177 2856 4247 apostolorum
2904 4176 3171 4249 principis
3205 4178 3449 4245 nomine,
3498 4177 3749 4234 dedicata
3776 4193 3818 4246 σε,

2210 4264 2321 4321 aris
2345 4281 2535 4322 eorum
2572 4266 2844 4338 capitibus
2880 4267 3240 4341 superpositis
3278 4269 3316 4338 ί,
3370 4268 3633 4325 decenter
3668 4286 3818 4325 con-

2206 4353 2308 4411 diti
2337 4357 2710 4428 requiescunt.

2507 4466 2593 4521 cui
2628 4467 2911 4544 Varsiacus
2940 4485 3129 4544 nomen
3152 4475 3262 4544 est,
3283 4470 3679 4544 cuntuniverso
3707 4491 3815 4544 ap-

2195 4540 2400 4604 paratu
2439 4543 2487 4591 et
2529 4539 2855 4610 appendiciis
2904 4541 3019 4610 suis
3064 4541 3303 4596 contulit.
3353 4541 3459 4609 (Ibi
3508 4539 3762 4599 erectani
3788 4562 3819 4598 a

2206 4614 2394 4662 sancto
2428 4609 2711 4684 ecclesiam
2738 4610 2908 4684 fuisse
2936 4612 2992 4684 S.
3024 4612 3303 4684 Eugeniae
3327 4613 3559 4684 martyri
3599 4615 3818 4670 Roma—

2205 4693 2309 4754 na),
2338 4681 2528 4734 asserit
2554 4682 2621 4754 ρ,
2641 4683 2695 4754 te
2727 4682 2869 4754 Beuf
2890 4683 2947 4737 iu
2970 4681 3142 4754 Capto
3171 4691 3225 4738 et
3252 4681 3488 4751 liberato
3521 4686 3815 4741 Autissio-

2204 4748 2357 4814 doro,
2391 4766 2507 4820 pag.
2562 4751 2688 4821 284)
2730 4748 2973 4808 similiter
3024 4748 3305 4819 Vercis-um,
3358 4748 3611 4810 mirabile
3651 4758 3709 4809 in
3759 4775 3816 4814 se

2202 4820 2544 4881 continentem
2582 4820 2868 4892 palatium,
2908 4841 3023 4879 cum
3052 4826 3377 4895 appendiciis
3404 4827 3550 4892 suis;
3600 4828 3812 4883 Polia-

2201 4907 2317 4943 cum
2344 4907 2564 4961 quoque,
2614 4910 2702 4948 seu
2740 4896 3122 4951 Marciniacum
3147 4914 3166 4961 ;
3196 4897 3284 4951 sed
3313 4904 3359 4951 et
3385 4897 3659 4952 Joeiacum
3682 4916 3811 4954 cum

2199 4961 2310 5014 suis
2340 4962 2586 5038 simititer
2619 4967 2972 5036 appendiciis;
3020 4966 3248 5037 fundum
3288 4984 3491 5038 quoque
3518 4969 3808 5025 Patrinia~

2197 5049 2333 5109 c_u-m_,
2365 5040 2411 5087 et
2444 5034 2717 5109 Cutiacum
2754 5055 2896 5108 teque
2925 5034 3040 5093 cum
3068 5034 3536 5109 appendiciissuis
3558 5056 3576 5091 :
3626 5044 3809 5097 multa

2197 5104 2415 5175 denique
2463 5114 2508 5161 et
2536 5108 2668 5176 alia,
2708 5104 2825 5179 quré
2862 5111 3012 5165 nobis
3056 5104 3323 5164 modernis
3367 5110 3656 5179 incognita,
3692 5113 3807 5167 Deo

2196 5192 2316 5255 uero
2344 5183 2467 5255 sunt
2493 5181 2671 5234 omnia
2697 5187 2839 5255 uota.
3041 5190 3095 5237 et
3123 5181 3249 5255 aliis
3279 5180 3526 5237 ecclesiis
3554 5181 3801 5251 dederit,

2195 5245 2397 5324 ibidem
2430 5249 2545 5324 lege
2569 5268 2581 5315 ;
2616 5257 2669 5305 et
2695 5252 2839 5322 apud
2863 5245 3021 5309 Viole
3046 5269 3165 5324 cap.
3202 5253 3252 5307 7.

2262 5326 2284 5353 °
2320 5321 2692 5394 Apostolorum
2718 5321 2978 5394 principis
3002 5321 3213 5377 nomine
3233 5325 3508 5379 dedicata:
3538 5332 3595 5379 at
3646 5324 3797 5382 Hist.

2191 5405 2314 5462 epp.
2346 5392 2651 5448 Antissiod.
2682 5392 2800 5449 loco
2823 5392 2991 5450 citato
3017 5394 3199 5462 habet,
3234 5396 3301 5450 Β,
3324 5397 3549 5451 Joannis
3582 5399 3799 5452 nomine

2190 5461 2447 5537 dedicata.
2482 5464 2642 5537 Forte
2670 5465 2858 5520 ambos
2887 5473 3144 5537 patronos
3173 5467 3367 5522 coluit.

2259 5533 2276 5567 ί
2318 5534 2402 5608 Sic
2421 5536 2665 5608 Rusticus
2682 5533 3100 5608 Δεενζὶωηὶιαπὶιια
3128 5537 3372 5592 videntur
3397 5538 3795 5608 quodammodo

2184 5604 2505 5677 canonizati,
2537 5606 2719 5681 inquit
2749 5607 2808 5664 in
2838 5607 3110 5666 adnotatis
3146 5608 3274 5667 Mss.
3328 5604 3645 5668 Ch'iﬁletius
3674 5627 3794 5669 no—
