4066 6190
215 204 348 265 1217

1177 208 1270 266 DE
1307 206 1685 267 MIRACULIS
1725 202 1781 269 s.
1822 172 2163 267 Genuam.
2204 241 2273 252 —
2316 204 2447 267 me.
2489 210 2532 267 Ι.

3358 216 3499 276 i218

278 362 366 419 20.
400 363 445 420 Ο
480 362 685 433 virum,
722 363 809 421 cui
841 380 1052 437 semper
1088 381 1301 421 summa
1347 364 1651 432 debentur;
1700 366 1793 436 qui
1826 366 1877 424 Α
1905 365 2158 422 cellulam
2188 365 2529 421 afﬁctionum
2558 364 2676 436 ejus
2702 371 2755 420 et
2792 364 3136 422 cruciatuum
3193 370 3507 439 consciam;

206 468 388 511 amore
418 453 548 508 vita
579 462 793 509 aterna
842 448 1208 509 voluntariam
1255 455 1543 524 amplexus
1588 470 1799 525 paupe-

207 545 363 612 riem,
396 549 577 597 totum
610 541 829 598 Christo
859 543 1030 611 dedit,
1055 543 1160 599 sibi
1188 541 1329 596 nihil
1354 542 1583 598 retinuit
1609 545 1619 598 l
1663 543 1798 609 Quis

206 632 374 688 animi
412 630 531 702 ejus
560 630 801 699 facilem,
838 641 890 689 et
920 649 1047 689 sane
1078 632 1317 703 ingenuo
1347 632 1577 704 dignum
1607 632 1664 687 in
1695 632 1797 688 hac

204 731 352 795 parte
383 720 555 793 possit
584 722 858 793 explicare
888 723 1180 778 candorem
1204 723 1232 778 ?
1261 723 1395 790 Quis
1425 723 1795 795 bona,quibus

204 828 349 867 nunc
399 810 648 866 Ecclesia
696 810 900 868 Christi
953 829 1048 884 per
1099 812 1276 884 ipsum
1336 813 1559 881 fruitur,
1619 815 1793 868 relatu

202 898 703 971 comprehendere?
734 900 887 956 Unde
920 918 1066 957 nunc
1096 901 1337 973 episcopi
1387 902 1655 970 ditantur,
1697 902 1793 956 vi-

202 987 401 1046 ctualia
431 988 619 1043 clerici
649 998 1083 1061 consequuntur,
1114 997 1494 1046 sustentantur
1512 991 1788 1060 monachi,

201 1086 516 1135 recreantur
544 1079 720 1150 egeni,
748 1077 915 1150 hujus
944 1079 1069 1147 fuit,
1103 1096 1172 1135 ex
1200 1079 1319 1152 ejus
1350 1082 1418 1137 ad
1449 1081 1549 1161 hos
1587 1082 1791 1137 fecun—

201 1168 427 1225 dissima
454 1169 704 1239 largitate
734 1168 1016 1240 profusum
1052 1178 1152 1227 est.
1186 1171 1401 1237 Quanta
1431 1170 1496 1226 ad
1536 1187 1636 1227 nos
1664 1172 1790 1227 vir-

199 1266 378 1314 tutum
429 1256 845 1330 sanctitatisque
895 1258 1012 1329 ejus
1062 1260 1314 1331 exempla
1380 1262 1789 1318 manaverunt?

196 1348 411 1416 Quanto
441 1348 636 1403 latiora
672 1348 804 1405 hinc
838 1347 1143 1419 potuissent
1170 1350 1368 1406 conﬁci
1403 1358 1783 1421 monumenta,

195 1437 473 1510 compingi
499 1437 810 1506 volumina,
835 1439 879 1493 si
907 1440 955 1493 ei
986 1438 1202 1509 degenti
1236 1439 1290 1494 in
1311 1440 1510 1495 saculo
1537 1441 1787 1498 curiosus

191 1525 507 1582 adhasisset
537 1526 757 1598 aliquis,
782 1526 875 1598 qui
906 1526 1072 1582 verba
1095 1526 1233 1599 ejus,
1268 1535 1329 1584 ut
1355 1528 1570 1600 singula
1598 1529 1665 1585 ab
1694 1547 1787 1586 ore

191 1613 453 1683 fluebant,
487 1615 783 1687 exciperet,
818 1625 971 1673 actus
999 1615 1115 1687 ejus
1145 1634 1335 1673 omnes
1364 1618 1635 1675 curiosius
1678 1619 1787 1673 ob-

188 1712 455 1772 servaret,
486 1703 752 1760 miracula
782 1704 1039 1777 denique,
1071 1722 1287 1778 semper
1317 1707 1367 1763 ei
1415 1707 1475 1762 in
1523 1714 1782 1779 promptu
1810 1732 1854 1791 B

185 1793 519 1862 assistentia,
554 1794 728 1851 tenaci
756 1795 1032 1851 memoria
1049 1797 1458 1852 commendaret
1480 1797 1507 1853 ‘I
1528 1796 1782 1863 Quando-

186 1882 411 1954 quidem
438 1884 747 1940 luculentus
775 1885 870 1940 ille
905 1894 1177 1955 gestorum
1215 1884 1333 1955 ejus
1387 1885 1667 1941 breviator
1698 1888 1784 1955 (ut

184 1989 293 2027 non
364 1971 601 2029 dixerim
640 1975 983 2046 explanator,
1037 1974 1183 2045 quod
1235 1989 1517 2045 nunquam
1579 1973 1783 2043 absque

179 2062 445 2132 scrupulo
476 2063 561 2116 vel
594 2063 840 2131 legerim,
866 2062 953 2114 vel
990 2061 1093 2130 legi
1127 2060 1458 2131 audiverim)
1491 2059 1537 2115 si
1582 2059 1784 2115 itinera

177 2148 305 2222 ejus
335 2158 534 2205 cuncta
563 2156 924 2220 percurreret,
949 2149 996 2204 si
1016 2148 1276 2203 universa
1301 2157 1780 2218 commemoraret,

177 2246 508 2311 paraturum
540 2253 596 2293 se
626 2244 968 2295 contestatur
994 2237 1219 2294 lecturis
1248 2245 1504 2310 congesta
1535 2237 1783 2311 prolixi-

175 2337 294 2385 tate
330 2327 639 2383 fastidium.

248 2437 340 2495 21.
378 2437 449 2492 Et
477 2435 739 2509 quoniam
772 2435 945 2508 gloria
974 2435 1151 2493 Patris
1178 2434 1234 2491 in
1268 2452 1493 2491 suorum
1528 2435 1781 2494 clarescit

191 2526 571 2584 moderamine
620 2525 885 2593 ﬁliorum,
934 2541 963 2580 e
1010 2525 1221 2593 multis,
1268 2542 1405 2596 quos
1452 2526 1511 2580 in
1559 2526 1781 2583 Christo

178 2618 349 2687 ﬁlios,
410 2617 467 2671 in
516 2616 779 2686 religione
837 2615 1081 2671 creditur
1140 2615 1396 2671 habuisse
1453 2614 1775 2689 discipulos,

180 2708 355 2763 unius
404 2714 644 2773 tantum,
692 2696 1047 2778 ejusdemque
1092 2705 1466 2772 famosissimi,
1517 2706 1781 2777 castigata

179 2794 457 2851 brevitate
494 2793 729 2850 sufﬁciet
760 2794 926 2851 inseri
977 2795 1335 2852 mentionem.
1387 2796 1676 2864 Patricius,
1717 2803 1779 2851 ut

177 2885 474 2943 Gestorum
508 2884 625 2957 ejus
663 2885 830 2941 series
873 2886 1077 2957 prodit,
1130 2886 1436 2942 Hibernica
1486 2885 1778 2958 peculiaris

176 2975 461 3046 apostolus
491 2974 750 3046 regionis,
781 2976 1130 3031 sanctissimo
1158 2974 1207 3029 ei
1243 2973 1598 3045 discipulatui
1629 2982 1777 3029 octo-

1909 454 2019 522 cui,
2053 454 2255 520 nescio,
2290 454 2572 523 ostiolum,
2617 470 2687 511 an
2719 454 3012 511 fenestram
3044 455 3308 527 dixerim,
3350 467 3506 517 tanta

1909 552 2023 601 erat
2070 542 2384 598 humilitate
2436 543 2794 615 perexiguum
2867 552 2930 601 ut
2995 560 3178 613 nemo,
3252 549 3509 618 quamvis

1908 635 2165 709 quantilli
2191 634 2455 706 corporis,
2481 635 2586 690 nisi
2619 653 2823 707 pronus
2845 654 2942 709 per
2962 638 3018 694 id
3052 638 3293 710 irrepere
3317 648 3507 711 potue-

1907 726 1999 781 rit.
2028 724 2174 791 Quid
2201 723 2278 778 ibi
2298 724 2621 795 gemituum,
2644 725 2778 795 quid
2794 726 2977 783 fusum
2994 735 3074 782 est
3094 727 3503 799 lacrymarum;

1905 823 2121 887 quanta
2172 812 2296 869 viro
2324 812 2390 868 ad
2420 814 2905 884 contemplandum
2942 817 3115 871 Deum
3147 816 3502 874 divinissimo

1905 903 2268 958 revelationes
2288 902 2485 969 allata,
2508 903 2767 973 angelica
2792 904 3196 960 consolationes
3214 904 3503 974 adhibita;

1903 1000 2177 1064 postremo
2204 1008 2365 1063 quam
2396 990 2585 1045 crebra
2614 991 3022 1048 confluentibus
3050 1009 3114 1049 eo
3145 995 3364 1065 populis
3391 996 3505 1050 ani-

1903 1095 2114 1134 marum
2136 1096 2539 1151 corporumque
2560 1086 2811 1150 percepta
2830 1080 3073 1135 remedia
3103 1098 3117 1147 ;
3151 1083 3389 1138 multum
3426 1089 3509 1138 est

1900 1168 2102 1225 dicere.
2152 1168 2287 1234 Quis
2334 1170 2526 1225 saltem
2578 1168 2874 1224 efﬁcaciter
2927 1168 3163 1224 sufﬁciat
3206 1171 3504 1241 pensitare,

1900 1272 2041 1329 qua,
2083 1266 2306 1329 quanta,
2338 1266 2392 1313 et
2421 1274 2583 1330 quam
2613 1256 2925 1329 frequentia
2954 1257 3206 1314 fuerint?
3231 1259 3372 1326 Quia
3398 1261 3503 1316 soli

1898 1354 2113 1404 constat
2144 1350 2277 1405 Deo.
2319 1348 2611 1419 Postquam
2647 1347 2948 1418 inemptum
2996 1347 3278 1419 negotium
3310 1350 3501 1420 paucis

1898 1438 2299 1510 promovimus,
2340 1437 2408 1493 ad
2433 1453 2645 1505 eorum,
2679 1452 2799 1508 qua
2822 1435 3123 1508 gloriosum
3153 1436 3273 1509 ejus
3301 1438 3504 1494 transi-

1894 1535 2011 1583 tum
2034 1528 2326 1584 subsecuta
2344 1534 2492 1595 sunt,
2509 1535 2717 1598 partem
2740 1527 3065 1599 quantulam
3082 1527 3497 1599 explicandam,

1898 1616 2156 1673 invocato
2186 1617 2449 1686 Domino,
2485 1615 2766 1674 accedam.

1962 1724 2050 1782 23.
2081 1723 2594 1796 Splendidissimus,
2618 1722 2850 1795 orbique
2869 1723 2928 1779 in
2950 1722 3190 1781 tenebris
3209 1724 3392 1796 agenti
3418 1725 3499 1780 lu-

1896 1830 2021 1868 men
2042 1814 2497 1886 inexstinguibile
2516 1815 2678 1870 datus
2697 1814 2936 1870 domnus
2962 1813 3269 1870 Germanus
3289 1813 3495 1885 episco-

1894 1918 2016 1972 pus,
2039 1902 2572 1973 postinimitabilem
2598 1902 2658 1957 in
2677 1904 2879 1959 saeculo
2898 1903 3095 1971 vitam,
3120 1910 3243 1975 post
3269 1902 3495 1972 Gallias,

1895 1990 2340 2061 Britanniasque,
2366 1990 2538 2062 ipsam
2555 1991 2792 2063 denique
2814 1992 3026 2047 Italiam
3048 1992 3301 2048 doctrina
3320 1998 3373 2046 et
3392 1991 3467 2047 mi
3480 2016 3498 2029 -

1894 2075 2096 2130 raculis
2156 2091 2453 2147 respersas,
2485 2092 2516 2131 a
2544 2076 2765 2132 Christo
2795 2078 3033 2131 Domino
3062 2085 3309 2146 vocatus,
3340 2077 3504 2133 saluti

1892 2166 2118 2238 feroque
2154 2165 2500 2222 confortatus
2528 2165 2767 2235 Viatico,
2800 2166 2944 2238 apud
2975 2169 3293 2224 Ravennam
3326 2168 3498 2224 Italia

1891 2256 2173 2312 civitatem
2203 2255 2416 2328 Spiritu
2446 2262 2634 2311 sancto
2664 2256 2859 2327 plenus
2888 2255 3050 2323 obiit,
3102 2257 3499 2315 Valentiniano

1886 2344 2128 2417 juniore,
2179 2344 2489 2401 Constantii
2520 2345 2659 2413 ﬁlio,
2691 2361 2818 2401 cum
2867 2354 3040 2402 matre
3070 2346 3315 2403 Placidia
3344 2349 3497 2404 orbis

1890 2442 2158 2490 terrarum
2191 2433 2475 2491 obtinente
2506 2433 2884 2490 monarchiam
2907 2452 2921 2501 ;
2966 2451 2997 2490 a
3037 2434 3238 2507 quibus
3289 2435 3491 2492 ibidem

1890 2540 1989 2595 pro
2018 2522 2384 2579 admiratione
2415 2522 2748 2591 sanctitatis,
2778 2529 2941 2595 atque
2960 2522 3284 2580 assiduitate
3316 2524 3493 2579 mira-

1890 2616 2163 2681 culorum,
2198 2623 2259 2670 ut
2286 2613 2424 2669 liber
2453 2613 2746 2670 Gestorum
2775 2614 2893 2686 ejus
2922 2615 3094 2673 satius
3113 2617 3373 2688 explicat,
3396 2616 3490 2672 ho-

1889 2703 2114 2759 noriﬁce
2144 2710 2448 2774 susceptus,
2480 2703 2718 2759 Domino
2748 2703 2969 2761 Christo
3016 2702 3121 2759 sibi
3168 2711 3487 2789 apparente,

1887 2796 2072 2851 obitus
2100 2795 2184 2851 sui
2218 2812 2563 2867 praenoscens
2590 2796 2760 2863 diem,
2786 2797 2970 2852 multa
2998 2796 3128 2852 licet
3155 2811 3284 2852 cum
3332 2795 3490 2851 difﬁ-

1886 2886 2088 2943 cultate
2117 2886 2385 2955 obtinuit,
2416 2894 2478 2943 ut
2517 2886 2676 2959 gleba
2702 2886 2786 2943 sui
2815 2884 3062 2958 corporis
3106 2885 3339 2958 propriae
3374 2885 3493 2941 red-

1893 2975 2122 3033 deretur
2149 2974 2388 3033 civitati.

175 3062 361 3155 ᾷθοίω
390 3062 644 3155 adimus
674 3063 834 3155 θηηίδ
862 3074 905 3132 ³»
936 3080 1048 3120 "0n
1078 3064 1409 3155 m9di00'em
1431 3063 1614 3155 9339“
1638 3079 1777 3118 vena
1812 3081 1856 3143 C
1954 3084 2044 3141 24.
2091 3084 2267 3142 Causa
2322 3090 2585 3155 praeterea
2627 3078 2989 3151 profectionis
3018 3077 3139 3150 ejus
3170 3080 3489 3139 Ravennam

174 3151 352 3209 fontis
384 3154 439 3208 in
463 3152 763 3226 Scripturis
791 3155 1106 3210 calestibus
1134 3154 1319 3210 hausit
1352 3154 1720 3210 eruditionem
1753 3170 1765 3209 :

175 3258 450 3316 quemque
487 3243 544 3298 in
591 3243 855 3315 religione
904 3243 1326 3316 magnanimem,
1360 3244 1417 3297 in
1468 3241 1772 3297 virtutibus

171 3335 563 3403 excellentem,
624 3335 681 3391 in
740 3335 994 3393 doctrina
1048 3344 1357 3401 strenuum,
1386 3333 1771 3390 divinissimus

172 3424 552 3480 consideravit
572 3423 851 3487 Pontifex;
878 3423 1233 3492 ineptumque
1259 3422 1483 3489 ducens,
1508 3422 1770 3477 robustis-

167 3516 378 3573 simum
411 3516 707 3586 agricolam
738 3512 795 3566 in
816 3512 1108 3566 dominica
1140 3513 1337 3583 segetis
1381 3520 1595 3583 torpere
1641 3514 1772 3569 cul-

168 3613 320 3672 tura,
356 3604 425 3658 ad
456 3609 709 3658 sanctum
759 3600 1115 3659 Caelestinum
1145 3599 1299 3656 urbis
1342 3600 1527 3657 Roma
1575 3617 1770 3673 papam

166 3712 272 3766 per
302 3692 601 3762 Segetium,
625 3691 999 3763 presbyterum
1033 3708 1214 3759 suum,
1249 3706 1374 3747 eum
1406 3690 1649 3758 direxit;
1675 3693 1768 3764 qui

166 3786 298 3839 viro
324 3780 780 3855 prastantissimo
802 3782 1095 3855 probitatis
1123 3783 1503 3839 ecclesiastica
1522 3784 1770 3839 testimo-

164 3872 329 3929 nium
360 3871 505 3944 apud
543 3870 725 3927 sedem
760 3871 922 3927 ferret
950 3872 1326 3941 apostolicam.
1363 3870 1532 3941 Cujus
1555 3871 1770 3941 judicio

164 3959 524 4033 approbatus,
549 3960 873 4015 auctoritate
904 3958 1097 4025 fultus,
1120 3957 1506 4013 benedictione
1531 3958 1770 4029 denique

147 4050 482 4126 .roboratus,
552 4049 828 4103 Hibernia
859 4054 1039 4119 partes
1079 4045 1329 4117 expetiit,
1380 4046 1638 4118 gentique
1685 4046 1769 4101 illi

166 4138 393 4211 proprie
422 4138 583 4195 datus
614 4139 913 4210 apostolus,
939 4145 1055 4192 tum
1088 4134 1312 4209 quidem
1346 4151 1466 4191 eam
1515 4134 1769 4191 doctrina

168 4235 223 4282 et
255 4227 562 4296 miraculis,
599 4243 749 4285 nunc
779 4243 1017 4299 quoque,
1050 4234 1103 4281 et
1138 4226 1195 4280 in
1222 4232 1549 4297 perpetuum
1574 4224 1766 4280 miriﬁ-

167 4318 251 4374 cis
283 4319 628 4390 apostolatus
656 4318 740 4373 sui
770 4317 1013 4371 illustrat
1042 4314 1369 4387 privilegiis.

1884 3190 2045 3247 quam
2077 3189 2187 3227 non
2218 3172 2427 3227 incerta
2456 3169 2544 3224 vel
2574 3168 2801 3223 fortuita
2831 3166 3019 3236 fuerit,
3054 3168 3197 3225 Vita
3226 3168 3343 3241 ejus
3373 3180 3490 3227 tex-

1884 3273 1973 3321 tus
2002 3264 2275 3319 declarat:
2311 3260 2567 3334 quodque
2594 3259 2686 3316 hic
2726 3259 3169 3332 recapitulatum,
3220 3261 3327 3317 erit
3355 3261 3487 3317 for-

1882 3362 2022 3409 tasse
2061 3368 2172 3407 non
2212 3350 2603 3407 inofﬁciosum.
2653 3348 2756 3407 Vir
2801 3349 3124 3421 magniﬁcus
3169 3350 3363 3406 Aetius
3415 3366 3480 3406 ea

1882 3448 2201 3513 tempestate
2263 3438 2578 3510 reipublica
2631 3437 2897 3510 patricius
2947 3454 3010 3495 ac
3064 3446 3244 3496 rector
3299 3440 3482 3509 datus,

1882 3529 2228 3587 Armoricani
2246 3535 2573 3602 provocatus
2589 3526 2886 3583 insolentia
2908 3528 3100 3600 populi
3124 3528 3309 3602 (cujus
3337 3530 3487 3586 leves

1881 3630 1935 3678 et
1965 3621 2366 3695 indisciplinati
2404 3620 2577 3676 animi
2618 3636 2741 3676 raro
2777 3636 3023 3693 unquam
3051 3637 3176 3693 erga
3206 3622 3486 3695 principes

1883 3714 2009 3769 ﬁdei
2034 3729 2320 3770 servavere
2348 3711 2738 3783 constantiam)
2773 3710 3008 3766 Eochari
3038 3712 3343 3768 Alanorum
3370 3711 3483 3783 regi

1883 3803 2224 3861 ferocissimo
2250 3802 2529 3874 regionem
2572 3801 2726 3856 illam
2756 3816 2853 3872 pro
2905 3800 3225 3857 rebellionis
3272 3801 3485 3858 ultione

1882 3894 2272 3963 invadendam,
2301 3891 2720 3965 subjugandam,
2750 3889 3179 3963 vastandamque
3206 3891 3485 3964 permise-

1882 3988 1982 4035 rat.
2018 3980 2193 4046 Quam
2252 3998 2377 4036 cum
2429 3981 2695 4037 barbarus
2733 3979 3122 4037 crudelissime
3169 3978 3481 4045 invasisset,

1880 4085 1992 4124 non
2023 4076 2135 4123 tam
2167 4069 2362 4139 prada
2408 4069 2681 4139 congerie,
2733 4086 2895 4141 quam
2951 4070 3099 4126 cade
3152 4070 3385 4126 allectus
3432 4076 3487 4124 et

1880 4155 2182 4227 sanguine:
2228 4154 2578 4209 beatissimus
2619 4155 2945 4222 Germanus,
2975 4156 3091 4225 jam
3122 4158 3170 4211 ei
3200 4150 3486 4228 progresso

1879 4254 2197 4316 armataque
2242 4243 2389 4297 inter
2430 4241 2659 4297 hostiles
2688 4241 2927 4313 impetus
2957 4260 3272 4310 occurrens,
3306 4247 3485 4299 mira-

1878 4334 1979 4390 bili
2008 4333 2353 4390 auctoritatis
2372 4330 2681 4389 constantia
2712 4330 2993 4403 (quodque
3018 4331 3297 4386 universis
3320 4331 3388 4385 ab
3418 4347 3483 4387 eo

241 4429 333 4485 22.
400 4426 706 4500 Singularis
761 4411 1084 4481 meritorum
1130 4424 1248 4493 ejus
1294 4424 1539 4496 potentia
1575 4423 1682 4479 hoc
1711 4439 1841 4502 seD
1876 4425 2104 4497 patratis
2144 4424 2424 4480 miraculis
2473 4422 2685 4479 astimo
2742 4423 3175 4496 praferendum)
3233 4423 3482 4479 animum

167 4525 360 4573 tuetur
389 4526 735 4588 argumento,
762 4515 909 4587 quod
935 4531 1032 4587 per
1067 4529 1260 4569 omnes
1292 4528 1511 4585 aggeres
1550 4511 1769 4567 itineris

166 4607 280 4674 sui,
314 4605 633 4677 ubicunque
673 4612 767 4659 aut
789 4604 988 4672 oravit,
1031 4612 1126 4659 aut
1148 4603 1359 4671 docuit,
1380 4618 1551 4675 usque
1582 4602 1639 4657 in
1670 4600 1766 4657 ho-

165 4698 428 4752 diernum
457 4695 603 4751 diem
638 4694 889 4750 oratoria
917 4694 1091 4762 cella,
1132 4701 1187 4748 et
1208 4694 1362 4765 signa
1405 4692 1597 4749 Crucis
1626 4692 1769 4747 elata

164 4785 536 4857 prafulgent;
588 4790 930 4839 monstratur
980 4782 1252 4854 hodieque
1306 4784 1365 4838 in
1410 4780 1765 4849 monasterio,

164 4874 317 4949 quod
349 4874 463 4946 ipse
485 4873 814 4940 construxit,
847 4873 1174 4942 oratorium,
1206 4880 1393 4945 postea
1419 4872 1537 4945 ejus
1565 4887 1768 4929 conse-

162 4972 382 5024 cratum
434 4965 697 5033 nomine;
748 4964 844 5020 ubi
894 4964 1283 5022 incunctanter
1328 4965 1609 5036 novimus,
1649 4979 1768 5021 esse

163 5150 320 5213 ster;
352 5160 530 5225 neque
559 5144 721 5198 aliter
750 5141 1418 5225 Viola‘inVita'Gallica,
1454 5159 1572 5215 cap.
1611 5144 1767 5225 1.‘Et

163 5212 323 5283 sane,
352 5212 458 5271 nisi
488 5232 585 5287 pro
617 5215 821 5287 sanctis
842 5213 1017 5287 habiti
1047 5212 1409 5287 fuerint,non
1430 5212 1766 5287 congruebat

164 5304 361 5343 eorum
390 5284 622 5342 tumulis
652 5284 919 5356 ejusmodi
951 5284 1250 5339 veneratio.
1285 5286 1455 5340 Nemo
1492 5284 1573 5339 est
1609 5286 1766 5341 inte-

136 5358 301 5426 ‘rim,
344 5366 623 5431 quantum
642 5357 853 5429 assequi
887 5356 1190 5431 potui,.qui
1220 5372 1311 5431 eos
1331 5357 1533 5431 audeat
1561 5358 1765 5413 sanctis

162 5426 551 5485 annunierare.
596 5426 862 5484 Porro'ex
888 5426 1046 5499 'arisA
1070 5426 1183 5499 illis
1221 5426 1432 5482 duabus
1461 5444 1544 5495 ea,
1576 5444 1694 5499 qua
1733 5446 1765 5484 a

162 5500 381 5556 dextris
406 5502 531 5565 fuit,
567 5502 622 5556 S.
659 5501 919 5555 Germano
967 5496 1199 5553 subinde
1245 5496 1764 5566 consecrata—cele-

161 5570 287 5627 bris
313 5572 484 5628 fuisse
512 5572 719 5628 dicitur
743 5569 1028 5642 prodigiis,
1057 5576 1110 5623 et
1139 5570 1439 5640 prasertim
1460 5571 1763 5627 resuscita-

1877 4515 2147 4587 compulit
2191 4515 2427 4569 ferocem
2458 4513 2749 4585 deponere,
2799 4514 3105 4568 exercitum
3143 4528 3420 4582 revocare,
3451 4529 3484 4569 a

1878 4605 2179 4678 provincia
2198 4604 2504 4659 vastatione
2525 4602 2816 4669 desistere;
2849 4619 2909 4659 ea
2929 4602 3251 4659 conditione
3271 4611 3478 4674 tamen,

1878 4702 1939 4750 ut
1968 4696 2150 4763 venia,
2182 4710 2345 4767 quam
2378 4692 2641 4749 barbarus
2674 4694 3025 4765 prastiterat,
3056 4692 3125 4748 ab
3146 4692 3480 4766 imperatore

1878 4787 1963 4840 vel
1994 4785 2062 4841 ab
2090 4786 2254 4842 Actio
2284 4791 2580 4857 peteretur.
2627 4783 2699 4839 Ut
2728 4798 2856 4855 ergo
2886 4792 3128 4855 captum
3157 4782 3481 4841 misericor-

1876 4875 1981 4930 dia
2011 4878 2312 4949 compleret
2341 4873 2605 4943 ofﬁcium,
2639 4873 2886 4930 decursis
2906 4874 3228 4941 Gallicanis,
3261 4875 3350 4930 vel
3382 4875 3480 4929 Ita-

1877 4965 1999 5022 licis
2031 4966 2373 5035 civitatibus,
2395 4964 2696 5037 multisque
2730 4964 2846 5036 ipso
2877 4963 2933 5018 in
2955 4962 3154 5019 itinere
3173 4963 3480 5020 declaratus

1877 5144 2026 5215 tione
2058 5143 2439 5215 parvulorum,
2478 5158 2617 5215 quos
2646 5149 2895 5196 mortuos
2926 5139 3104 5215 enixa
3137 5147 3341 5215 matres
3377 5138 3477 5215 ibi-

1875 5214 1998 5270 dem
2048 5210 2243 5270 of'f‘erre
2288 5210 2727 5279 consueverant;
2772 5220 2912 5269 teste
2955 5210 3118 5268 Viole
3167 5210 3281 5282 jam
3329 5210 3478 5266 assi-

1913 5292 2041 5340 nato
2093 5302 2154 5339 ca
2201 5329 2212 5339 .
2262 5285 2312 5340 1.

1877 5302 1908 5356 g
1944 5369 1965 5393 τι
2006 5303 2249 5411 (ίὺεθιρνθ
2302 5357 2394 5411 hic
2438 5356 2495 5410 in
2529 5352 2787 5411 omnibus
2830 5353 3240 5411 exemplaribus
3273 5352 3479 5409 nostris

1873 5426 2113 5500 exprimi
2158 5444 2326 5500 annos
2372 5427 2683 5500 octodecim;
2726 5425 3055 5500 acgproinde
3095 5425 3478 5500 corrigendae}

1872 5495 1986 5555 esse
2014 5505 2202 5553 notam
2233 5498 2593 5569 Papebrochii
2629 5497 2804 5554 nostri
2824 5495 2903 5552 _in
2934 5496 3122 5555 Vitam
3153 5498 3206 5553 S.
3249 5495 3479 5554 Patricii

1874 5571 1966 5627 die
2000 5571 2063 5625 17
2093 5568 2455 5641 Martii,pag.
2487 5568 2612 5627 546.
