4074 6186
577 225 719 286 1219

1607 209 1847 270 HEPJCI
1882 207 2203 268 MONACHI
2239 202 2897 265 ANTISSIODORENSIS

3758 201 3912 262 1220

572 375 893 445 miraculis,
930 374 1269 439 Ravennam,
1305 383 1414 441 quo
1441 374 1577 423 tunc
1596 356 1891 438 imperator
1918 380 2044 419 cum
2074 379 2184 418 ma-
2215 365 2265 426 A
2293 372 2405 421 ctu.
2441 364 2600 432 Quod
2626 364 2755 436 quia
2810 361 2889 418 ita
2933 357 3224 432 contigisse
3257 356 3615 413 manifestum
3662 366 3776 427 est,
3810 362 3907 416 cui

570 476 653 523 tre
678 474 910 538 augusta
938 463 1150 536 agebat,
1184 460 1282 517 diu
1319 458 1446 515 licet
1489 462 1864 529 exspectatus,
1896 452 2174 526 pervenit;

572 557 761 630 ibique
790 555 859 613 ad
892 554 1186 612 arbitrium
1215 566 1401 617 suum,
1432 566 1532 623 pro
1560 548 1763 621 quibus
1792 544 2028 619 petebat,
2073 559 2179 616 pa—

572 663 691 706 cem
724 654 778 703 et
808 645 1158 702 securitatem
1189 640 1457 697 obtinuit.

645 736 734 793 25.
769 735 1002 801 Verum,
1024 731 1153 806 quia
1175 729 1397 787 mobilis
1417 727 1589 786 animi
1620 727 1848 800 perﬁdia
1874 723 2178 797 indiscipli-
2210 772 2215 775 .

574 835 765 884 natum
798 825 1071 898 populum
1095 821 1163 878 ad
1184 821 1543 877 rebellionem
1569 818 1853 892 pristinam
1878 814 2177 890 revocavit,

574 931 686 972 non
717 915 894 970 multo
917 919 1040 985 post
1068 910 1187 983 ejus
1201 926 1507 978 excessum,
1528 908 1839 981 tyrannica,
1873 922 2036 978 quam
2067 903 2181 975 ipse

576 1003 635 1059 in
660 1002 777 1058 vita
810 1017 909 1057 sua
943 1006 1359 1073 compresserat,
1396 998 1616 1071 gravius
1648 997 1706 1053 in
1738 995 1985 1052 infelices
2012 1008 2181 1048 emer-

576 1090 650 1147 sit
680 1090 1019 1156 immanitas,
1046 1091 1261 1160 Alanis,
1294 1089 1493 1146 Gothis
1522 1097 1576 1144 et
1596 1084 1883 1145 Wandalis
1903 1082 1971 1139 ab
1991 1081 2179 1153 Hispa-

578 1179 689 1235 niis
712 1179 772 1235 in
802 1179 1071 1245 Africam,
1106 1180 1238 1236 hinc
1267 1180 1326 1235 in
1357 1178 1566 1235 Gallias
1595 1174 1915 1250 progressis,
1946 1170 2181 1228 univer-

578 1283 742 1341 saque
794 1268 961 1338 ferro,
1018 1268 1257 1324 ﬂammis
1308 1275 1362 1323 et
1412 1265 1669 1323 vastitate
1726 1260 2177 1337 proterentibus;

577 1356 812 1414 necdum
841 1372 1003 1430 supra
1024 1365 1361 1413 memoratus
1390 1354 1775 1411 sanctissimus
1807 1350 2056 1408 Anianus
2089 1364 2181 1404 ex-

576 1454 842 1515 cesserat;
874 1445 1054 1502 adhuc
1081 1443 1562 1501 reverentissimus
1586 1442 1797 1515 collega
1829 1439 1948 1512 ejus
1972 1439 2179 1511 Lupus,

578 1535 1025 1593 Trecassinorum
1073 1534 1322 1603 antistes,
1372 1533 1651 1590 caelestem
1694 1530 1751 1586 in
1798 1528 1961 1586 terris
1990 1527 2181 1599 agebat

577 1628 749 1684 vitam
776 1644 789 1693 ;
837 1626 1040 1699 quique
1071 1624 1286 1696 plebem
1338 1639 1493 1679 suam
1522 1639 1554 1678 a
1582 1610 1877 1676 barbarica
1898 1618 2180 1673 ferocitate

2291 454 2359 511 de
2389 452 2732 527 praescientia
2761 451 2844 508 sui
2876 448 3141 506 transitus
3169 447 3331 504 liceat
3358 445 3658 519 ambigere,
3691 446 3800 520 qui
3840 447 3907 503 de

2290 560 2347 601 se
2382 551 2553 612 tanta,
2599 551 2821 614 tamque
2862 539 3141 598 evidentia
3187 535 3483 612 praedicem
3523 536 3714 609 potuit
3746 536 3779 592 ?
3828 537 3904 593 Ita

2292 651 2423 690 vero
2454 641 2673 690 sanctus
2702 640 2755 688 et
2782 631 3048 689 charitate
3083 628 3282 685 anxius
3309 636 3363 685 et
3377 626 3492 699 jam
3518 626 3757 699 jamque
3789 627 3902 683 im-

2293 723 2556 779 minentis
2588 721 2771 779 obitus
2792 738 2904 777 non
2935 721 3184 793 ignarus,
3206 718 3516 790 nihilprius
3536 716 3902 789 duxit,quam

2292 812 2514 870 Domini
2546 819 2812 886 praecepta
2836 810 3137 882 complere,
3161 824 3326 882 seque
3351 808 3531 880 ipsum
3557 806 3715 862 circa
3732 805 3899 862 ﬁnem

2291 919 2388 975 pro
2416 902 2606 959 ovium
2638 900 2841 960 Christi
2865 898 3205 957 relevatione
3226 896 3684 971 impendere.His
3713 897 3800 952 ita
3828 896 3900 953 lo-

2289 992 2444 1062 catis,
2468 992 2749 1065 proposita
2774 999 3103 1063 repetamus.

2364 1083 2453 1139 27.
2485 1084 2547 1138 In
2576 1090 2841 1155 apparatu
2869 1079 3120 1139 defuncti
3151 1096 3247 1137 sua
3269 1079 3525 1137 certatim
3554 1096 3756 1137 omnes
3787 1089 3896 1139 stu-

2291 1171 2383 1229 dia
2421 1173 2775 1228 contulerunt
2808 1189 2819 1228 :
2852 1171 3104 1239 Acolius,
3142 1169 3341 1242 regalis
3378 1169 3710 1243 praepositus
3742 1173 3895 1228 cubi-

2290 1262 2427 1331 culi,
2466 1261 2624 1334 cujus
2650 1261 2859 1318 dudum
2891 1277 3123 1334 puerum
3160 1260 3227 1317 ab
3258 1259 3591 1317 atrocissimi
3619 1260 3897 1317 daemonis

2291 1358 2441 1423 peste
2460 1358 2766 1421 curaverat,
2806 1350 3121 1407 venerabile
3161 1366 3362 1422 corpus
3392 1347 3727 1406 multiformi
3760 1367 3897 1406 aro-

2292 1450 2498 1498 matum
2529 1440 2929 1513 compositione
2955 1440 3211 1498 confecit.
3247 1441 3492 1512 Augusta
3519 1446 3581 1494 ut
3618 1439 3755 1495 vivo
3788 1440 3897 1497 ob-

2291 1540 2476 1588 secuta
2507 1531 2706 1601 fuerat,
2743 1538 2964 1588 mortuo
2994 1545 3212 1604 quoque
3240 1545 3309 1585 ex
3336 1529 3523 1585 animo
3554 1528 3779 1584 deferre
3809 1529 3892 1585 de-

2290 1620 2563 1688 siderans,
2593 1622 2732 1678 sacri
2780 1620 2994 1693 glebam
3035 1618 3323 1677 cadaveris
3358 1619 3602 1691 operosis
3635 1635 3702 1676 ac
3738 1618 3891 1675 valde

579 1715 834 1789 precibus
862 1721 1171 1787 protegens,
1206 1712 1351 1769 sicut
1370 1711 1429 1767 in
1460 1711 1673 1784 hymno
1694 1706 2015 1765 festivitatis
2040 1704 2177 1776 ejus,
2214 1728 2258 1788 Β
2289 1711 2587 1770 subtilibus
2606 1713 2913 1772 cumulavit
2940 1711 3302 1780 indumentis,
3325 1711 3391 1767 ad
3416 1711 3472 1767 id
3502 1710 3886 1768 devehendum

574 1806 722 1863 Beda
756 1810 915 1873 teste,
950 1803 1191 1871 canitur,
1240 1802 1385 1856 Dum
1426 1799 1574 1855 bella
1609 1806 1811 1854 cuncta
1861 1794 2179 1868 perderent,

577 1893 786 1951 orando
827 1894 1022 1949 Trecas
1073 1890 1279 1947 muniit
1306 1904 1347 1946 ³.
1394 1888 1526 1956 Quae
1556 1903 1681 1944 cum
1710 1885 1793 1941 ita
1835 1901 1891 1940 se
1920 1883 2178 1951 habeant,

577 1983 769 2040 divina
787 1983 1033 2055 profecto
1063 1981 1241 2054 gratia
1258 1979 1579 2036 beatissimo
1599 1977 1871 2033 Germano
1892 1973 2181 2046 provisum

578 2071 683 2127 hoc
720 2087 937 2143 quoque
979 2087 1142 2126 nemo
1196 2069 1555 2137 dubitaverit,
1589 2076 1649 2123 ut
1678 2066 1773 2139 qui
1803 2064 2012 2121 divinae
2047 2064 2181 2134 legis

577 2158 966 2232 insuperabilis
999 2159 1243 2215 existens
1272 2158 1608 2226 causidicus,
1642 2171 1742 2229 pro
1781 2152 2002 2211 Christo
2033 2152 2179 2224 lega-

576 2250 973 2307 tione‘functus
1004 2250 1064 2305 in
1090 2248 1300 2305 mundo
1320 2250 1520 2318 fuerat,
1554 2248 1612 2303 in
1639 2253 1842 2303 sanctae
1873 2243 2023 2316 pacis
2052 2257 2179 2298 con-

575 2339 888 2396 firmatione
924 2340 1245 2413 temporalis
1273 2340 1402 2395 vitze
1442 2338 1610 2394 finem
1653 2343 1889 2410 caperet,
1933 2350 2032 2406 pro
2074 2348 2181 2405 qua

578 2431 723 2489 inter
760 2433 934 2488 Deum
968 2439 1023 2488 et
1063 2429 1315 2487 homines
1345 2427 1646 2501 reparanda
1675 2434 1908 2482 mortem
1925 2424 2177 2480 volunta-

574 2523 713 2578 riam
744 2524 955 2581 Auctor
989 2522 1119 2578 vitaa
1151 2522 1484 2593 pertulisset.
1536 2521 1657 2587 Quo
1704 2519 1853 2574 enim
1898 2515 2179 2574 decentius

576 2614 772 2672 ordine
801 2613 993 2685 agonis
1021 2614 1108 2669 sui
1129 2629 1350 2669 cursum
1381 2627 1764 2669 consummare
1790 2610 1993 2682 potuit,
2015 2625 2176 2681 quam

573 2711 635 2761 ut
665 2704 720 2761 in
746 2721 811 2761 eo
831 2707 1073 2761 animam
1097 2711 1344 2776 poneret,
1368 2702 1459 2760 cui
1478 2709 1532 2757 et
1550 2718 1648 2774 pro
1668 2717 1777 2774 quo
1794 2703 2177 2775 consequendo

575 2798 634 2851 in
664 2802 777 2851 tam
811 2796 975 2866 longo
1005 2791 1171 2864 hujus
1201 2792 1330 2849 vita:
1359 2792 1538 2848 stadio
1566 2791 1899 2848 cucurrisset
1920 2791 1949 2847 ‘I

646 2885 736 2941 26.
773 2884 1059 2955 Siquidem
1094 2899 1224 2939 sane
1253 2882 1503 2955 improba
1547 2882 1691 2938 ludit
1724 2882 2006 2955 cogitatio,
2039 2881 2177 2938 bea-

575 2986 694 3035 tum
739 2973 925 3030 virum
979 2974 1289 3046 ignorantia
1339 2974 1683 3029 imminentis
1730 2972 1985 3030 decessus
2010 2980 2175 3030 tantm

571 3065 941 3139 expeditionis
970 3066 1170 3121 molem
1204 3064 1451 3132 subisse;
1481 3062 1578 3135 qui
1604 3061 1651 3119 si
1674 3061 1801 3118 vitae
1844 3079 1955 3118 suae
1986 3063 2173 3118 termi-
2203 3100 2246 3161 Ο

570 3172 727 3227 num,
757 3163 819 3213 ut
847 3172 878 3212 e
906 3155 1140 3228 vestigio
1170 3154 1431 3224 instabat,
1468 3160 1803 3226 agnosceret,
1856 3168 1925 3208 ne
1976 3152 2169 3225 pedem

570 3247 794 3320 quidem
824 3246 892 3303 ab
921 3246 1057 3302 urbe
1086 3261 1185 3301 sua
1212 3245 1431 3317 longius
1460 3245 1651 3300 efferre
1683 3250 1990 3316 pateretur;
2023 3244 2173 3301 hunc

569 3335 638 3393 ad
671 3337 878 3394 librum
913 3335 981 3393 de
1001 3336 1119 3390 vita
1145 3332 1265 3405 ejus
1295 3332 1508 3389 editum
1529 3331 1839 3403 dirigimus,
1874 3347 1984 3404 quo
2013 3341 2066 3388 et
2092 3348 2170 3387 re-

570 3434 895 3500 praesentata
933 3424 1184 3491 veritate,
1226 3438 1470 3478 errorem
1527 3428 1715 3489 exuat,
1771 3427 1826 3475 et
1882 3420 2055 3476 vicini
2086 3420 2171 3476 sui

569 3517 837 3572 transitus
862 3530 1026 3587 quam
1057 3529 1170 3569 non
1201 3510 1549 3585 improvidus
1596 3509 1782 3577 fuerit,
1832 3509 1997 3563 etiam
2043 3524 2168 3564 cum

568 3601 1025 3673 proficisceretur,
1063 3600 1151 3654 vel
1201 3600 1511 3656 instructus
1541 3606 1817 3671 agnoscat.
1874 3598 2011 3653 Nam
2042 3613 2169 3654 cum

570 3699 791 3762 propter
821 3705 983 3760 supra
1010 3695 1373 3744 memoratum
1410 3688 1691 3760 negotium
1741 3686 2011 3761 petiturus
2049 3688 2170 3742 Ita—

570 3778 721 3847 liam,
785 3778 1113 3836 familiarem
1187 3795 1349 3834 suum
1398 3779 1716 3834 Senatorem
1785 3776 2167 3849 presbyterum

567 3869 904 3941 praeteriens,
935 3885 1005 3924 ex
1024 3866 1428 3926 consuetudine
1459 3867 1771 3931 visitasset;
1823 3865 2169 3936 profecturus

566 3958 635 4014 ab
664 3974 748 4025 eo,
780 3959 945 4015 solito
974 3955 1323 4011 afl‘ectuosius
1353 3955 1412 4010 in
1450 3954 1689 4010 amicum
1718 3954 1903 4024 irruit,
1935 3974 1998 4014 ac
2045 3967 2166 4030 post

565 4048 855 4117 amplexus
875 4044 1212 4116 multiplices
1231 4053 1285 4100 et
1299 4044 1486 4100 oscula
1506 4043 1822 4115 praedulcia,
1846 4044 2164 4118 hujusmodi

564 4133 752 4192 verbis
787 4136 1087 4191 salutatum
1117 4134 1369 4206 reliquit:
1411 4134 1546 4191 Vale
1577 4134 1635 4189 in
1666 4142 1956 4204 aeternum,
1998 4137 2166 4194 frater

564 4226 919 4294 charissime;
950 4228 1091 4295 vale,
1120 4226 1320 4282 animae
1344 4243 1477 4282 meae
1508 4227 1688 4298 portio
1718 4244 1729 4283 :
1766 4227 1975 4284 tribuat
1994 4230 2158 4299 Deus,

564 4325 626 4374 ut
654 4333 755 4374 nos
778 4316 836 4373 in
866 4317 955 4374 die
980 4316 1178 4389 judicii
1205 4316 1323 4373 sine
1352 4316 1677 4374 confusione
1708 4317 2026 4375 videamus:
2061 4336 2161 4375 cae-

564 4415 742 4465 terum
780 4409 839 4464 in
877 4407 979 4465 hac
1027 4407 1147 4464 luce
1177 4413 1372 4463 mutuo
1392 4423 1673 4480 nunquam
1707 4406 1955 4463 fruemur
1995 4424 2161 4481 aspe-

633 4538 655 4564 '
696 4537 949 4606 Hymnus
979 4534 1076 4590 ille
1104 4532 1286 4606 adhuc
1315 4534 1525 4606 integer
1549 4550 1667 4590 esse
1705 4533 1913 4606 dicitur
1939 4533 1999 4589 in
2022 4550 2169 4589 ana-

563 4606 723 4665 lectis
743 4605 1024 4665 Cousineti
1055 4606 1122 4662 de
1151 4606 1207 4662 S.
1239 4605 1421 4677 Lupo,
1443 4605 1540 4677 ep.
1590 4605 1868 4675 Trecensi,
1904 4620 2024 4677 quae
2054 4606 2168 4661 Pa-

562 4679 718 4736 risiis
745 4685 1038 4735 servantur
1069 4693 1198 4732 mss.
1230 4676 1374 4746 apud
1404 4676 1459 4732 S.
1495 4676 1805 4733 Genovefaa.

632 4771 657 4805 1)
677 4751 756 4805 De
786 4751 840 4805 S.
866 4748 1092 4803 Eusebio
1112 4764 1196 4820 ep.
1224 4747 1555 4820 vercellensi
1577 4748 1688 4819 agit
1709 4748 2164 4820 Martyrologium

565 4821 723 4877 Rom.
758 4819 891 4890 diel
915 4818 1179 4890 Augusti;
1200 4818 1294 4873 sed
1319 4834 1443 4890 cum
1476 4818 1650 4890 nuper
1671 4818 1890 4876 decreto
1921 4818 2165 4875 Romano

570 4890 772 4947 festum
806 4889 924 4961 ejus
944 4888 1280 4961 etiOfIicium
1310 4888 1536 4961 afﬁxum
1560 4888 1657 4946 ‘sit
1681 4890 1792 4946 diei
1832 4890 1897 4946 16
1926 4892 2166 4947 Decem-

567 4962 703 5031 bris,
737 4979 801 5019 eo
832 4959 934 5017 nos
960 4959 1078 5031 ejus
1126 4962 1264 5015 Acta
1316 4959 1677 5016 remittemus.
1720 4961 1874 5016 Patet
1905 4977 2036 5016 vero
2095 4977 2164 5018 ex

567 5034 675 5091 hoc
702 5035 843 5113 loco,
876 5047 1039 5113 quam
1070 5047 1263 5112 parum
1295 5031 1351 5085 in
1379 5031 1983 5113 antiqua-chronology
2028 5050 2165 5113 ver-

567 5114 718 5162 satus
764 5102 932 5161 fuerit
990 5103 1220 5175 Hericus
1271 5109 1481 5175 noster,
1516 5102 1618 5175 qui
1653 5102 1770 5159 haec
1806 5102 1873 5158 de
1902 5102 2160 5173 Eusebio,

567 5177 727 5233 annis
748 5175 909 5233 facile
933 5173 1275 5245 septuaginta
1297 5181 1423 5229 ante
1457 5173 1777 5229 Germanum
1805 5175 1921 5230 vita
1949 5175 2160 5243 functo,

570 5248 809 5305 scribere
844 5261 957 5303 non
983 5245 1340 5303 dubitaverit.
1375 5245 1563 5318 Itaque
1586 5245 1965 5318 proEusebio,
1999 5262 2162 5318 quem

567 5319 834 5376 exhibent
881 5335 1012 5375 mss.
1054 5326 1241 5373 nostra
1271 5316 1490 5383 omnia;
1525 5316 1876 5374 scribendum
1912 5316 2080 5374 fuisse
2104 5317 2159 5373 S.

569 5391 858 5462 Albinum,
891 5388 1455 5461 contenditUghellus
1474 5388 1533 5445 in
1561 5390 1829 5462 episcopis
1852 5390 2161 5462 Vercellen-

573 5460 744 5529 'sibus,
774 5462 946 5518 Italiae
963 5478 1127 5517 sacrm
1149 5477 1350 5517 recusa;
1369 5468 1484 5516 tom
1518 5504 1529 5516 .
1563 5460 1658 5529 IV,
1680 5460 1787 5518 col.
1824 5461 1945 5517 761.
1971 5464 2043 5515 At
2064 5477 2161 5532 ego

572 5532 704 5610 satis
723 5549 923 5610 _vereor
949 5542 1011 5610 ut
1041 5533 1145 5610 hoc
1164 5532 1422 5610 omnibus
1441 5533 1682 5604 placeat:
1715 5549 1839 5588 nam
1862 5532 1970 5610 alia
1987 5531 2161 5610 histo-

564 5601 668 5668 ria,
722 5601 854 5658 huic
908 5603 1205 5661 admodum
1252 5601 1457 5660 similis
1498 5613 1753 5663 narratur
1787 5619 1819 5659 a
1865 5603 1921 5659 S.
1965 5603 2159 5660 Adone

2291 1807 2842 1881 conservandumque
2879 1824 2948 1864 ex
2986 1821 3247 1879 cypresso
3294 1802 3669 1860 mundissima
3711 1803 3887 1859 loculo

2290 1904 2565 1969 coaptato.
2597 1896 2809 1964 Quibus
2835 1896 2913 1952 ita
2949 1894 3291 1968 compositis,
3325 1910 3395 1950 ne
3415 1892 3553 1966 quid
3581 1893 3763 1949 sancti
3788 1892 3887 1948 de-

2289 1994 2431 2041 esset
2453 1984 2672 2054 ofliciis,
2704 1986 2868 2041 anxie
2903 1984 3163 2058 praecavit
3193 1984 3514 2057 imperator,
3547 1982 3652 2038 iter
3683 1981 3885 2038 instru-

2290 2072 2396 2141 xit,
2427 2073 2743 2128 evectiones
2762 2072 3100 2129 necessarias
3130 2070 3387 2144 praebuit,
3439 2071 3745 2139 ministros,
3783 2088 3884 2127 co-

2291 2162 2560 2235 mitesque
2592 2161 2917 2219 deducendo
2952 2162 3137 2219 funeri
3169 2161 3490 2229 destinavit,
3521 2177 3663 2234 quos
3690 2176 3881 2233 expen-

2289 2269 2474 2309 sarum
2507 2260 2562 2309 et
2590 2253 2764 2310 totius
2797 2251 3159 2309 humanitatis
3187 2249 3487 2323 impendiis
3508 2250 3734 2323 copiose
3756 2267 3882 2323 pro—

2288 2352 2507 2400 secutus
2535 2353 2635 2400 est.
2678 2343 2965 2416 Episcopis
2993 2360 3057 2399 ea
3105 2343 3213 2398 fuit
3244 2358 3375 2399 cura
3413 2342 3783 2415 permaxima,
3819 2356 3879 2397 ne

2288 2433 2458 2490 sacris
2486 2427 2763 2506 exsequiis
2794 2433 2879 2489 vel
2910 2432 2980 2488 ad
3023 2432 3211 2488 horam
3239 2433 3491 2489 deessent
3537 2432 3726 2489 ofﬁcia
3752 2433 3880 2488 reli—

2288 2524 2489 2596 gionis,
2519 2540 2639 2596 quae
2667 2524 2771 2596 ipsi
2801 2531 2855 2579 et
2884 2525 2943 2579 in
2972 2524 3227 2598 praesenti
3258 2523 3570 2591 instruunt,
3599 2530 3659 2579 et
3684 2540 3754 2579 ne
3774 2540 3880 2596 pro-

2286 2633 2443 2674 cessu
2469 2618 2684 2675 itineris
2722 2617 3000 2685 deﬁciant,
3022 2618 3369 2676 ordinatione
3398 2618 3776 2691 praemittunt.
3810 2619 3879 2675 Ita

2287 2706 2454 2764 funus
2483 2708 2613 2763 satis
2635 2706 2923 2763 ambitiose
2954 2710 3529 2781 instructum,magno
3558 2725 3877 2784 prosequen-

2287 2797 2429 2853 tium
2453 2798 2670 2870 agmine
2704 2809 3068 2873 promovetur
3092 2800 3161 2856 ad
3191 2800 3415 2856 Gallias.

2895 2892 3124 2949 CAPUT
3180 2893 3273 2948 III.

2293 2989 2602 3046 Translatio
2631 2985 2871 3060 corporis
2895 2984 3010 3055 ejus
3041 2985 3094 3039 in
3114 2985 3333 3112 lfallias
3350 3002 3371 3050 ,'
3396 2982 3634 3055 ejusdem
3666 2983 3878 3060 receptio

2892 3076 2954 3112 ac
2982 3074 3105 3112 scim
3155 3075 3274 3112 ura.

2892 3076 2954 3113 ac
2982 3074 3274 3128 sepuuura.

2355 3150 2443 3205 28.
2477 3149 2649 3216 Quam
2680 3148 2891 3205 robusti
2923 3147 3306 3220 meriti,quam
3325 3149 3659 3204 excellentis
3676 3149 3875 3220 gloriae,

2283 3255 2448 3312 quam
2496 3238 2735 3311 denique
2782 3237 2985 3294 summi
3033 3237 3180 3310 apud
3222 3236 3506 3295 Christum
3557 3237 3669 3293 loci
3700 3239 3874 3305 fuerit,

2286 3327 2445 3400 cujus
2475 3336 2649 3396 erant,
2682 3328 2886 3401 quibus
2915 3327 3126 3400 publici
3169 3344 3387 3399 aggeres
3435 3327 3875 3394 illustrabantur,

2281 3418 2578 3489 exsequiae,
2594 3417 2862 3490 pertinuit
2881 3417 2949 3473 ad
2975 3416 3327 3473 divinitatem
3344 3417 3639 3489 signorum
3659 3417 3876 3473 afﬂuen-

2284 3509 2358 3565 tia
2406 3508 2699 3566 declarare.
2753 3509 2921 3581 Vulgi
2955 3526 3047 3565 ore
3095 3510 3350 3565 feruntur
3396 3525 3561 3582 quam
3617 3510 3871 3582 plurima,

2282 3599 2483 3672 quibus
2513 3616 2577 3656 eo
2599 3598 2734 3655 fides
2760 3599 3091 3667 detrahitur,
3121 3599 3269 3673 quod
3298 3599 3450 3655 varie
3489 3598 3868 3672 indigestaque

2280 3689 2554 3747 feruntur.
2589 3689 2784 3745 Nobile
2815 3688 2955 3745 illud
2996 3689 3405 3762 pretiosumque
3434 3696 3539 3757 est,
3576 3688 3732 3761 quod
3759 3705 3872 3745 cum

2279 3781 2546 3836 memoria
2567 3780 2980 3854 dignissimum,
3003 3789 3121 3837 tum
3152 3796 3304 3852 aeque
3333 3780 3532 3836 litteris
3552 3797 3627 3837 ex
3654 3781 3871 3853 antiquo

2278 3869 2542 3939 inditum,
2573 3880 2627 3928 et
2657 3870 2821 3928 ﬁdem
2855 3871 3074 3952 astruit,
3105 3879 3158 3927 et
3182 3869 3539 3926 aedificationi
3589 3870 3867 3927 conducit.

2277 3957 2646 4031 Expeditione
2676 3960 2927 4032 superius
2959 3969 3279 4028 memorata,
3314 3975 3345 4014 a
3374 3958 3687 4014 venerabili
3719 3960 3874 4015 Euse-

2275 4045 2369 4103 liio
2398 4081 2443 4117 δ,
2481 4048 2913 4105 Vercellensium
2967 4048 3249 4121 pontifice,
3283 4048 3546 4104 decenter
3591 4058 3870 4119 exceptus,

2273 4139 2637 4212 omnibusque
2667 4138 3026 4196 humanitatis
3050 4139 3267 4207 officiis,
3300 4146 3360 4194 ut
3388 4154 3487 4210 par
3515 4146 3654 4206 erat,
3675 4136 3877 4193 revela-

2272 4235 2363 4284 tus
2387 4236 2468 4284 est
2486 4247 2499 4285 :
2520 4228 2566 4284 is
2590 4229 2705 4301 ipse
2724 4228 2998 4285 Eusebius
3022 4236 3147 4302 post
3175 4229 3335 4301 longa
3362 4235 3558 4283 contra
3583 4234 3874 4298 antiquum

2272 4318 2486 4376 hostem
2518 4320 2840 4389 certamina,
2864 4328 2986 4393 post
3013 4319 3452 4389 haereticorum,a
3477 4318 3685 4392 quibus
3706 4318 3875 4373 multa

2272 4425 2459 4482 passus
2483 4410 2855 4479 est,convulsa
2875 4408 3183 4479 molimina,
3200 4416 3322 4482 post
3345 4408 3485 4464 illud
3507 4408 3752 4481 denique
3771 4407 3876 4465 cla-

2275 4533 2689 4607 archiepiscopo
2719 4534 3044 4607 Viennensi,
3073 4544 3129 4591 et
3158 4534 3341 4607 Heriei
3370 4533 3592 4607 aequali,
3630 4533 3687 4607 in
3707 4532 3874 4607 Chro-

2276 4604 2427 4674 nico,
2458 4603 2821 4675 aetate—sexta,
2844 4606 2913 4661 ad
2940 4622 3147 4662 annum
3179 4605 3386 4663 Christi
3417 4603 3542 4672 452,
3576 4603 3746 4675 cujus
3762 4603 3874 4658 haec

2276 4685 2356 4747 est
2383 4677 2693 4733 substantia
2718 4696 2728 4733 :
2761 4677 2899 4735 Cum
2927 4679 3293 4733 S.Germanus
3308 4678 3632 4747 Ravennam
3659 4683 3870 4747 petens,

2275 4746 2550 4821 _Viennam
2574 4748 2630 4803 in
2655 4748 2832 4804 Gallia
2851 4750 3183 4821 praeteriret,
3207 4749 3284 4821 ibi
3313 4765 3345 4803 a
3375 4747 3433 4821 _S.
3466 4746 3677 4821 Severo
3712 4762 3873 4821 pres-

2274 4818 2470 4892 bytero
2497 4827 2736 4891 rogatus,
2768 4826 2830 4876 ut
2852 4816 3141 4877 ecclesiam
3163 4819 3216 4876 S.
3242 4818 3503 4892 Stephani
3523 4816 3729 4874 recens
3748 4816 3874 4872 aedi-

2274 4888 2486 4961 ﬁcetam
2506 4888 2881 4961 consecraret,
2914 4892 2972 4948 id
2999 4908 3057 4948 se
3098 4892 3155 4948 in
3198 4888 3382 4947 reditu
3422 4890 3704 4946 facturum
3737 4905 3876 4961 pro—

2273 4960 2599 5035 misit._ASed
2640 4962 2773 5017 dum
2804 4961 3007 5035 frustra
3034 4963 3131 5019 diu
3160 4970 3673 5035 exspectatus,__n_on_
3704 4959 3871 5035 redit,

2273 5046 2337 5087 ac
2366 5030 2639 5105 dedicatio
2678 5049 2773 5105 per
2819 5034 2989 5090 alium
3039 5030 3279 5105 paratur,
3322 5049 3447 5089 ecce
3494 5031 3621 5099 tibi,
3656 5031 3741 5105 in_
3766 5033 3874 5103 ipss

2274 5102 2510 5177 articulo
2532 5105 2589 5160 S.
2621 5102 2874 5177 Germani
2893 5102 3138 5161 defuncti
3154 5121 3353 5177 corpus
3374 5105 3653 5177 Ravenna
3676 5103 3749 5157 ad
3771 5102 3871 5177 suo

2272 5172 2793 5248 d_estinatum,_i|lac
2814 5177 3067 5245 refertur,
3092 5185 3148 5232 at
3174 5172 3340 5248 quein
3385 5174 3638 5248 eamdem
3684 5174 3878 5248 eccle-

2272 5244 2409 5327 siam
2435 5248 2495 5303 S.
2516 5246 2812 5329 Stephani,
2828 5244 3151 5331 repausandi
3175 5244 3365 5329 gratia,
3390 5246 3665 5328 tantisper
3691 5244 3877 5371 cmm-

2274 5324 2470 5371 mtur:
2520 5335 2693 5371 sicana
2753 5320 2865 5371 Vm
2912 5321 3010 5371 De:
3038 5335 3358 5371 promissum
3385 5318 3661 5371 impletur.
3793 5316 3874 5371 dit

2274 5317 2429 5391 nitur
2457 5337 2470 5385 ;
2520 5316 2693 5391 sicque
2753 5319 2868 5378 Viri
2891 5316 3011 5376 'Dei
3034 5316 3358 5391 promi'ssum
3385 5316 3661 5391 impletur.
3697 5316 3874 5391 Ad_dit

2272 5387 2396 5462 Ade
2430 5408 2442 5445 :
2476 5387 2663 5462 Isicins
2695 5396 2813 5445 tunc
2844 5387 3089 5462 tempoﬁs
3128 5387 3473 5446 Viennensem
3508 5387 3718 5462 regebat
3750 5388 3879 5462 ﬁc-

2272 5460 2479 5534 clesiam
2508 5461 2612 5534 Lin
2634 5478 2743 5534 quo
2771 5469 2825 5518 et
2849 5458 2965 5534 ipse
2985 5469 3129 5519 errat
3157 5462 3466 5534 insigniter,
3484 5458 3613 5516 cuin
3636 5458 3877 5514 Isichius

2311 5532 2486 5608 rimus
2512 5531 2842 5608 Viennensis
2873 5531 2993 5590 non
3044 5534 3246 5608 sederit
3266 5531 3630 5608 ‘saltem‘ante
3661 5544 3878 5608 annum

2318 5602 2481 5661 hristi
2511 5603 2637 5675 472,
2667 5612 2729 5662 ιιι
2753 5612 3032 5664 ostensum
3053 5603 3221 5663 estad
3250 5604 3397 5661 diem
3429 5603 3495 5659 16
3521 5601 3737 5672 Martii,
3778 5601 3880 5657 ubi
