4066 6190
214 237 346 299 1221

1204 240 1297 298 DE
1349 241 1726 302 MIRACULIS
1764 243 1818 303 S.
1860 241 2198 302 GERMANI.
2243 275 2307 284 —-
2346 240 2480 302 LIB.
2519 243 2562 300 Ι.

3372 249 3510 308 1222

205 393 488 450 rissimum
505 393 756 467 Phrygize
778 395 1055 463 exsilium,
1073 412 1104 451 a
1122 412 1229 468 quo
1248 397 1804 468 postquadriennium
1848 411 1896 468 Α
1925 397 2231 452 Dominum
2257 396 2535 464 meruerit,
2559 394 2770 452 nemini
2791 396 2857 452 de
2876 396 3242 454 czeterolicuit
3256 399 3509 456 dubitare

204 485 492 552 remeavit,
523 486 687 555 longo
720 485 832 556 jam
859 487 1140 542 confectus
1172 486 1346 553 senio,
1377 486 1646 559 rebusque
1672 503 1801 558 pace

208 572 443 640 reddita,
473 590 672 629 novam
710 583 842 630 tunc
871 575 929 630 in
955 575 1086 630 urbe
1113 591 1209 630 sua
1235 575 1393 631 miles
1403 574 1516 646 jam
1541 577 1802 634 emeritus

204 661 476 719 condebat
506 663 816 720 ecclesiam.
854 665 1006 721 Hanc
1027 675 1085 720 ut
1107 666 1410 721 Germanus
1429 665 1797 736 beatissimus,

205 753 466 808 Ravenna
500 751 738 820 rediens,
772 752 1068 823 dedicaret,
1103 753 1306 809 obnixe
1337 754 1655 828 deprecatus
1680 764 1796 812 est:

205 841 350 912 quod
383 858 439 895 se
468 840 725 896 devotius
760 843 1119 914 impleturum
1144 846 1286 900 serio
1320 846 1653 916 repromisit.

272 930 360 986 29.
404 928 606 985 Actum
655 940 737 986 est
788 939 868 999 ut,
914 933 1213 988 beatissimi
1263 935 1590 992 confessoris
1640 951 1801 989 com-

204 1026 356 1092 perto
406 1018 652 1082 decessu.
680 1019 749 1074 ad
791 1037 901 1076 suae.
936 1023 1406 1080 consecrationem
1436 1023 1698 1092 basilicae,
1740 1031 1802 1078 ut

204 1126 322 1165 mos
352 1109 458 1166 fert
499 1108 921 1178 ecclesiasticus,
957 1113 1216 1183 przefatus
1253 1112 1505 1184 pontifex
1543 1129 1597 1168 se
1629 1129 1801 1184 appa-

204 1209 347 1258 raret
379 1221 392 1270 ;
425 1202 569 1274 quod
601 1199 701 1273 [aL
733 1202 920 1276 quam]
943 1221 1069 1270 cum
1092 1204 1412 1260 solemniter
1435 1204 1796 1276 ingressurus,

205 1291 404 1364 pharos
423 1309 491 1348 ex
522 1310 671 1349 more
709 1295 1042 1366 compositas
1057 1293 1543 1364 jussissetaccendi
1573 1295 1800 1366 (mirum

204 1383 357 1440 dictu
404 1383 550 1456 quod
581 1385 686 1456 est)
725 1385 945 1440 admota
990 1385 1210 1440 ﬂamma
1255 1387 1428 1442 nullis
1469 1386 1799 1459 lychnorum

202 1475 384 1547 excipi
421 1475 602 1546 potuit
651 1473 972 1543 alimentis;
1029 1491 1342 1547 quanquam
1397 1476 1451 1531 id
1494 1494 1605 1533 non
1636 1479 1803 1534 semel

202 1581 302 1621 nec
359 1565 599 1637 simplici
640 1571 912 1621 tentatum
963 1573 1097 1634 arte,
1155 1565 1359 1621 frustra
1390 1567 1799 1637 persistentium

203 1667 398 1708 manus
436 1652 662 1708 eluserit
698 1654 1100 1710 ministrorum.
1141 1653 1387 1727 Cumque
1427 1670 1524 1726 per
1545 1655 1661 1710 dies
1691 1657 1805 1710 ali-

203 1751 336 1816 quot
364 1759 515 1800 casso
545 1743 774 1798 iteratus
802 1743 958 1799 labor
991 1744 1363 1816 perstantibus
1395 1745 1805 1815 perturbaretur

202 1836 523 1904 obstaculis,
557 1835 784 1891 insolito
813 1837 1018 1908 negotii
1049 1837 1290 1909 percitus
1314 1837 1643 1908 interceptu,
1687 1854 1715 1892 a
1748 1853 1803 1891 re

204 1925 486 1996 proposita
502 1924 880 1981 desistendum
895 1925 1170 1996 judicavit
1192 1926 1500 1997 episcopus;
1524 1924 1670 1996 quod
1697 1925 1800 1979 sibi

201 2015 525 2087 cunctisque
556 2022 831 2071 constaret
859 2013 1361 2080 evidentissimum,
1405 2013 1662 2083 impediri
1698 2030 1805 2067 en-

200 2103 363 2160 canii
393 2105 754 2171 functionem,
785 2103 959 2158 autin
979 2103 1260 2157 diversum
1289 2101 1647 2158 differendam
1671 2109 1804 2157 tem-

199 2209 325 2264 pus,
361 2199 456 2246 aut
488 2192 768 2262 pontificis
799 2191 1027 2246 alterius
1058 2191 1242 2246 olIicio
1271 2191 1559 2248 reservari.
1594 2193 1807 2248 Interea

199 2282 508 2339 venerandi
561 2281 770 2338 funeris
815 2282 1001 2338 adesse
1037 2299 1313 2355 pompam,
1350 2283 1508 2339 fama;
1556 2301 1807 2356 praecur—

200 2372 380 2428 rentis
409 2373 700 2428 nuntiatur
730 2372 936 2428 indicio
964 2391 976 2439 ;
1009 2373 1098 2429 cui
1141 2373 1513 2446 prosequendo
1543 2375 1666 2445 quis
1694 2391 1806 2430 non

201 2472 504 2534 emergeret
544 2481 558 2531 ;
593 2479 754 2535 quem
778 2463 1012 2534 propriae
1050 2463 1243 2520 salutis
1273 2463 1486 2520 incuria
1517 2479 1627 2520 non
1655 2481 1806 2536 urge-

202 2561 286 2610 ret
313 2554 343 2609 ?
394 2554 724 2626 Congestum
779 2554 1024 2626 undique
1063 2555 1205 2626 rapit
1258 2570 1450 2624 agmen
1482 2555 1803 2628 episcopus;

205 2644 574 2717 impensreque
596 2644 909 2700 devotionis
929 2644 1126 2700 ofﬁciis
1143 2653 1432 2716 exceptum
1449 2662 1646 2718 corpus
1664 2647 1811 2700 intra

199 2730 312 2805 jam
333 2733 494 2788 dictae
514 2732 757 2790 basilica),
778 2733 1049 2789 ambitum
1069 2735 1212 2789 intro
1225 2735 1406 2790 duxit.
1425 2734 1544 2800 Quo
1561 2734 1806 2807 dubipri-

205 2839 321 2879 mas
353 2822 552 2879 aedium
579 2831 761 2894 partes
784 2822 986 2894 attigit,
1011 2823 1088 2879 ita
1109 2823 1366 2879 universa
1387 2823 1660 2878 luminum
1685 2840 1810 2879 con-

206 2915 386 2988 geries
415 2915 635 2972 coalitus
663 2915 1005 2971 inﬂammata
1035 2915 1308 2987 perfulsit,
1341 2925 1401 2972 ut
1429 2917 1606 2989 palam
1634 2916 1808 2985 fieret,

205 3009 273 3064 ad
306 3007 450 3064 sacri
481 3008 772 3081 exsequias
802 3009 1048 3080 corporis
1072 3007 1164 3064 hic
1183 3025 1401 3081 quoque
1430 3025 1543 3064 non
1573 3007 1810 3064 defuisse

206 3097 323 3154 divi
335 3114 416 3154 nae
430 3101 776 3171 praesentiam
801 3098 1100 3170 majestatis
1121 3118 1133 3167 ;
1153 3097 1282 3154 dum
1298 3114 1416 3170 quae
1429 3098 1687 3154 humanis
1701 3115 1810 3154 non

205 3197 483 3246 cesserant
498 3188 756 3260 ingeniis,
773 3190 980 3246 divinis
995 3189 1155 3247 facile
1175 3190 1804 3257 nutibusdeserviebant,

278 3281 366 3337 30.
410 3281 549 3337 Tum
577 3285 954 3340 sanctissimus
974 3284 1246 3339 Eusebius
1276 3284 1390 3338 voti
1413 3284 1498 3336 sui
1529 3282 1805 3349 conscius,

209 3373 703 3447 promissionisque
757 3392 786 3430 a
819 3382 1008 3432 sancto
1045 3382 1312 3445 perceptae
1349 3388 1460 3426 non
1496 3371 1805 3441 immemor,

208 3479 264 3519 re
292 3463 462 3520 altius
483 3481 742 3536 expensa,
761 3465 1016 3535 quodque
1036 3462 1348 3518 ccelestibus
1363 3470 1477 3517 erat
1497 3463 1809 3516 confectum

207 3553 499 3625 auspiciis,
536 3551 795 3605 humanis
833 3552 1079 3621 ineptum
1123 3551 1330 3605 ducens
1363 3550 1686 3605 ministeriis
1715 3568 1811 3606 re-

208 3641 451 3706 tentari;
485 3638 894 3705 Sanctissimus,
927 3639 1024 3707 ait,
1060 3638 1363 3694 Germanus
1400 3647 1569 3711 pactae
1602 3657 1811 3698 memor

205 3727 548 3802 sponsionis,
568 3743 636 3782 ne
651 3726 766 3782 voti
789 3728 960 3784 nostri
980 3728 1394 3800 imperfectione
1409 3741 1807 3804 torqueremur,

206 3816 361 3890 quod
397 3815 590 3872 vivens
609 3817 952 3887 promiserat,
981 3827 1230 3875 mortuus
1257 3821 1484 3891 implere
1507 3839 1614 3878 non
1639 3822 1810 3878 distu-

204 3908 328 3962 lit:
381 3915 712 3979 quapropter
779 3909 1044 3978 susceptis
1104 3917 1216 3962 tam
1278 3911 1645 3979 evidentibus,
1696 3920 1804 3966 tam

209 3999 507 4071 przecelsis,
546 4007 652 4053 tam
685 3997 921 4071 denique
955 3998 1324 4070 singularibus
1354 4002 1661 4055 sanctitatis
1695 4001 1812 4072 ejus

209 4089 572 4160 testimoniis,
626 4088 693 4144 ad
737 4088 1091 4161 exigendum,
1143 4090 1290 4162 quod
1330 4090 1537 4146 divinis
1567 4101 1813 4162 superest

212 4180 520 4251 mysteriis,
544 4179 840 4250 implorato
859 4178 1119 4246 Domino,
1145 4178 1514 4248 accingamur.
1542 4179 1621 4233 Ita
1645 4180 1808 4248 fatus,

210 4269 278 4324 ad
326 4270 501 4324 altare
546 4286 605 4325 se
646 4270 904 4338 contulit,
957 4279 1010 4325 et
1058 4269 1244 4325 Gloria
1294 4270 1351 4324 in
1398 4268 1812 4334 excelsis.Deo,

212 4366 418 4431 quanto
471 4360 653 4432 potuit
703 4376 920 4427 canore,
971 4361 1300 4430 persultans,
1349 4359 1548 4414 festum
1595 4359 1813 4430 populis

212 4447 426 4505 indixit
471 4450 638 4505 diem.
672 4448 852 4505 Sacris
897 4448 1280 4520 episcopaliter
1322 4446 1626 4514 celebratis,
1659 4463 1721 4501 ac
1748 4447 1815 4502 de

1909 493 2036 542 ante
2084 485 2242 557 cujus
2278 488 2506 542 exuvias
2558 486 2908 544 honorandas
2957 485 3056 561 [αι.
3088 487 3413 562 adorandasj
3451 491 3510 546 in

1911 573 2156 630 externis
2176 590 2392 646 quoque
2411 576 2728 646 regionibus
2744 584 2930 633 tantus
2949 575 3230 648 signorum
3253 579 3511 650 splendor

1911 666 2138 723 emicuit
2172 683 2184 721 :
2221 667 2368 738 quod
2398 666 2627 724 fortasse
2654 670 2757 724 soli
2780 676 3053 726 constaret
3080 670 3192 725 Deo
3216 687 3229 737 ;
3264 669 3368 724 nisi
3397 671 3513 725 mi-

1912 755 2170 811 rabilium
2221 757 2530 830 frequentia
2561 758 2613 813 id
2658 759 2842 829 generi
2875 758 3200 816 declarasset
3245 758 3510 816 humano.

1982 847 2070 903 3i.
2113 846 2324 913 Quibus
2372 850 2451 904 ita
2493 851 2721 917 exactis,
2771 850 2876 905 viae
2923 851 3193 920 redditur,
3227 868 3512 925 novusque

1911 936 2300 1010 obsequiorum
2348 939 2529 1008 ardor,
2578 948 2905 997 cunctorum
2951 942 3174 996 innatus
3214 942 3511 1011 mentibus,

1912 1043 2037 1098 erga
2065 1029 2239 1085 sancti
2269 1028 2478 1083 funeris
2509 1030 2698 1084 munia
2729 1031 3062 1087 cumulatur.
3105 1029 3392 1087 Crescebat
3419 1032 3516 1086 in-

1913 1133 2042 1188 gens
2086 1119 2450 1190 undecunque
2480 1119 2888 1174 occurrentium
2937 1120 3302 1176 numerositas
3333 1137 3517 1192 popu-

1912 1210 2115 1277 lorum,
2146 1208 2275 1264 dum
2301 1216 2354 1264 et
2385 1225 2564 1264 novus
2602 1209 2738 1265 locis
2769 1208 3002 1280 singulis
3031 1210 3327 1264 comitatus
3353 1227 3518 1267 acce-

1913 1296 2103 1366 deret;
2150 1305 2204 1352 et
2236 1305 2624 1370 prosequentes
2652 1315 2895 1372 quosque
2933 1299 3149 1355 itineris
3168 1298 3515 1354 continuatio

1912 1403 2023 1442 non
2069 1387 2314 1443 tzederet.
2365 1389 2637 1444 Vectandi
2675 1405 2956 1446 successus
2999 1389 3246 1462 corporis
3279 1389 3513 1458 cunctis,

1913 1492 2226 1548 quanquam
2259 1493 2373 1532 sese
2403 1476 2677 1532 violenter
2723 1479 3056 1549 ingererent,
3083 1478 3373 1551 provenire
3404 1493 3515 1533 non

1914 1566 2094 1636 potuit
2125 1583 2136 1620 :
2172 1565 2374 1638 quibus
2401 1574 2586 1622 tamen
2617 1555 2914 1624 accedendi
2953 1569 3062 1624 fuit
3086 1569 3262 1640 copia,
3296 1567 3515 1624 vicibus

1914 1655 2077 1710 cessit
2102 1673 2113 1710 :
2137 1663 2191 1710 at
2213 1669 2350 1727 quos
2371 1655 2587 1713 irruens
2603 1658 2914 1730 frequentia
2934 1657 3186 1715 cominus
3208 1658 3263 1713 id
3287 1664 3517 1714 tractare

1837 1775 1882 1833 B
1914 1743 2220 1833 prohibuit,
2251 1743 2416 1833 officii
2449 1761 2618 1818 genus
2652 1756 2768 1803 erat
2796 1748 2975 1804 oculis
3008 1747 3296 1816 deducere,
3328 1764 3388 1803 ac
3411 1763 3519 1801 vo-

1913 1832 2071 1888 cibus
2100 1832 2300 1889 intimo
2317 1832 2632 1891 devotionis
2651 1836 2804 1892 fonte
2832 1837 3185 1892 manantibus
3206 1851 3518 1910 personare.

1914 1923 2158 1979 Plurima
2187 1941 2282 1995 per
2324 1925 2427 1981 iter
2470 1934 2670 1995 totum,
2713 1937 2831 1984 tum
2862 1927 3107 1984 ecclesiis
3149 1926 3268 1998 ejus
3295 1926 3520 1982 nomine

1915 2011 2203 2079 dedicatis,
2253 2023 2371 2070 tum
2420 2016 2601 2071 titulis
2648 2018 2882 2088 sparsim
2927 2017 3129 2084 afﬁxis,
3161 2014 3522 2071 beatitudinis

1915 2099 2032 2172 ejus
2083 2111 2442 2160 monumenta
2472 2112 2883 2160 monstrantur:
2917 2121 3247 2177 quocunque
3276 2105 3522 2160 locorum

1917 2198 2008 2245 aut
2039 2193 2400 2262 pernoctavit,
2451 2202 2545 2249 aut
2579 2210 2800 2265 pausam
2850 2194 3034 2263 duxit,
3068 2193 3376 2250 sanctitatis
3405 2191 3522 2263 ejus

1915 2281 2099 2339 adhuc
2124 2281 2447 2337 notabiliter
2482 2282 2711 2338 ﬂorente
2744 2283 3028 2338 memoria.

1989 2371 2076 2427 32.
2121 2372 2364 2428 Pretium
2416 2372 2771 2445 deputabitur
2799 2391 2997 2445 operae,
3030 2373 3086 2428 id
3115 2371 3382 2428 intactum
3411 2385 3522 2427 non

1917 2463 2218 2529 excedere;
2241 2463 2478 2534 qualiter
2503 2463 2676 2520 sancti
2699 2479 2983 2518 excessum
3006 2457 3290 2517 Pontificis
3310 2461 3524 2517 cunctis

1919 2568 2137 2622 semper
2167 2553 2462 2609 consulens
2501 2553 2693 2608 divina
2730 2552 3096 2624 providentia,
3133 2551 3278 2623 plebi
3309 2566 3524 2624 quoque

1918 2659 2032 2698 suae
2061 2642 2355 2698 orbitatem
2389 2642 2664 2715 propriam
2693 2643 2873 2699 adhuc
2892 2641 3165 2714 ignoranti
3188 2647 3522 2721 compertam

1920 2733 2037 2788 fore
2103 2731 2368 2788 voluerit.
2420 2731 2864 2789 Saturnus‘erat
2907 2729 3214 2788 beatissimi
3267 2729 3524 2786 German1

1924 2821 2215 2895 presbyter
2244 2829 2298 2877 et
2331 2821 2656 2894 discipulus,
2679 2823 2795 2877 vita
2815 2838 2968 2894 atque
2988 2819 3429 2893 probatissimus,
3464 2835 3528 2877 ac

1921 2922 2112 2968 sancto
2147 2912 2284 2969 Viro
2326 2912 2674 2968 familiariter
2698 2912 2949 2967 dilectus.
2996 2912 3069 2978 Is,
3101 2926 3164 2965 eo
3197 2909 3438 2981 profecto
3467 2907 3528 2964 in

1921 3002 2161 3071 Italiam,
2207 3001 2366 3074 jussu
2411 3001 2528 3073 ejus
2569 3001 2626 3056 in
2661 3000 2796 3057 urbe
2842 3008 3194 3056 remanserat.
3247 2999 3364 3065 Qua
3401 3013 3528 3068 ergo

1923 3099 2090 3147 nocte
2133 3099 2187 3148 et
2247 3091 2517 3162 gloriosus
2568 3090 2792 3145 Domini
2843 3090 3122 3145 confessor
3167 3096 3222 3143 et
3271 3087 3525 3158 pontifex

1921 3183 2071 3254 apud
2121 3184 2439 3238 Ravennam
2472 3180 2622 3237 felici
2665 3181 2924 3252 migravit
2950 3195 3195 3246 excessu,
3242 3178 3287 3233 is
3313 3193 3528 3250 quoque

1921 3270 2296 3327 Antissiodori
2343 3270 2573 3342 positus,
2627 3269 3131 3342 splendidissimum
3172 3267 3288 3339 ejus
3318 3266 3530 3323 transi-

1923 3369 2062 3429 tum,
2091 3361 2285 3431 angelo
2315 3361 2611 3432 pandente,
2637 3360 2916 3430 cognovit,
2933 3375 2996 3415 ac
3014 3358 3204 3414 divina
3225 3357 3528 3412 instructus

1922 3451 2283 3518 revelatione,
2339 3451 2557 3522 pepulis
2599 3449 2987 3516 denuntiavit;
3037 3463 3270 3520 quorum
3317 3445 3528 3517 ingenti

1921 3557 2106 3596 secum
2137 3548 2325 3596 coacta
2345 3539 2729 3608 multitudine,
2759 3539 2829 3594 ad
2851 3537 3074 3609 Alpium
3096 3535 3228 3608 juga
3252 3544 3526 3608 properat,

1921 3632 2016 3687 ubi
2077 3630 2366 3702 excipiunt
2416 3629 2610 3685 Gallias
2663 3636 2954 3702 patronum
3016 3626 3321 3698 proprium,
3377 3631 3530 3680 tanto

1921 3719 2040 3790 ejus
2088 3721 2270 3776 funeri
2315 3720 2642 3794 propensius
2667 3719 2976 3782 serviturae,
3014 3723 3220 3788 quanto
3262 3715 3529 3786 potiorem

1922 3808 2252 3866 famulatum
2300 3812 2620 3867 reverentiae
2673 3808 2872 3863 mistus
2922 3805 3126 3860 amoris
3171 3803 3532 3875 extorquebat

1921 3900 2290 3957 aﬂ‘ectusJIoc
2313 3917 2416 3957 non
2442 3897 2884 3957 commentitium
2905 3902 3008 3964 est,
3038 3911 3137 3950 nec
3161 3909 3301 3948 vena
3320 3890 3530 3963 ingenii

1923 3990 2222 4060 prurientis
2256 4001 2532 4058 extusum;
2558 4006 2750 4046 verum
2783 3983 3159 4042 vetustissimo
3193 3982 3532 4053 insculptum

1930 4079 2214 4146 marmori,
2253 4080 2524 4150 scriptura
2559 4096 2775 4150 quoque
2798 4080 2913 4150 ipsa
2941 4075 3293 4148 antiquitatis
3327 4089 3535 4146 reprae-

1923 4176 2170 4226 sentante
2200 4169 2594 4234 characterem,
2624 4170 2769 4238 apud
2809 4185 2909 4222 nos
2941 4170 3106 4223 hodie
3132 4184 3235 4238 que
3264 4175 3533 4223 servatur.

1997 4259 2085 4315 33.
2128 4257 2471 4314 Crediderim
2529 4272 2676 4324 sane,
2709 4256 3009 4310 nonnullos
3032 4272 3064 4308 a
3093 4257 3371 4320 Ravenna,
3401 4271 3536 4308 san-

1925 4351 2134 4408 ctitatis
2177 4350 2294 4421 ejus
2328 4347 2774 4420 expertissimos,
2796 4361 2921 4400 cum
2947 4342 3086 4400 sacri
3109 4343 3264 4413 gleba
3289 4343 3536 4414 corporis

1934 4439 2434 4514 peregrinationem
2487 4437 2592 4493 sibi
2631 4436 2939 4490 ultroneam
2999 4431 3286 4499 indixisse,
3336 4447 3399 4486 ac
3438 4445 3534 4503 per

215 4537 508 4611 splendore
556 4539 813 4598 miraculi
868 4510 1388 4611 agitato-sermone,
1422 4510 1634 4593 diutius
1678 4535 1824 4608 quod
1853 4510 1901 4566 D
1935 4510 2039 4586 hoc
2070 4510 2376 4599 infatigatis
2406 4525 2626 4594 animis,
2670 4538 2989 4597 quanquam
3021 4531 3160 4611 esset
3183 4521 3275 4575 via
3298 4518 3535 4611 longior,

213 4629 492 4701 superfuit
535 4629 816 4698 horarum,
865 4628 1136 4701 religiosis
1194 4629 1340 4687 circa
1390 4644 1607 4684 sacrum
1655 4626 1823 4681 funus

215 4720 559 4792 mancipavit
606 4719 872 4776 excubiis.
905 4719 950 4776 Ο
988 4719 1267 4792 justorum
1319 4718 1505 4774 suavis
1534 4725 1587 4773 et
1613 4732 1825 4788 semper

221 4808 495 4867 indefecta
532 4811 835 4867 memorial
876 4811 920 4868 Ο
951 4827 1177 4866 suorum
1200 4807 1258 4866 in
1278 4815 1576 4881 conspectu
1602 4805 1825 4863 Domini

214 4915 363 4954 mors
410 4907 672 4972 perpetuo
717 4899 955 4972 pretiosa
976 4907 1289 4956 sanctorum
1331 4899 1342 4954 l
1371 4897 1516 4965 Quid
1545 4896 1652 4955 loci
1681 4895 1825 4968 apud

215 4995 442 5070 Isichio,
465 4997 735 5070 pagtdliS,
759 5004 813 5052 et
837 4996 983 5052 diem
1005 4996 1039 5050 5
1070 4994 1480 5070 Februariinbi
1506 4993 1573 5070 de
1593 4993 1648 5050 S.
1679 4993 1826 5048 Avi—

214 5074 294 5135 to,
342 5066 692 5125 Isicl’iiiﬂlio
721 5076 774 5123 et
798 5084 1131 5134 successore,
1177 5084 1296 5138 pag.
1347 5067 1470 5122 661.
1513 5066 1827 5138 Noncom—

217 5139 484 5194 mendant
553 5157 682 5195 sane
737 5147 790 5193 et
847 5140 1134 5210 utriusque
1179 5136 1823 5210 "historizegsimilitudo,

212 5217 270 5284 et_
297 5212 601 5284 utriusque
630 5210 916 5284 scriptoris
954 5207 1168 5284 errores
1206 5209 1265 5264 in
1292 5225 1353 5264 ea
1382 5207 1682 5284 palpabiles
1703 5225 1826 5284 ,ξε-

227 5281 445 5338 ritatem
495 5279 782 5338 utriusvis.
833 5281 995 5337 Absit
1038 5289 1220 5335 tamen
1269 5289 1329 5334 ut
1377 5281 1568 5334 falsam
1599 5279 1827 5334 omnino

227 5351 476 5409 dicamus
507 5357 846 5409 alterutram.
880 5353 1040 5408 Viola
1065 5369 1182 5423 cap.
1208 5352 1274 5406 23
1302 5350 1662 5423 deprehendit
1684 5367 1827 5423 erro:

230 5439 359 5498 rem
399 5427 620 5498 quidem
654 5423 836 5498 Herici
864 5441 876 5498 ξ
912 5424 1005 5478 sed
1054 5421 1163 5498 non
1194 5421 1405 5498 Adonis
1425 5441 1454 5498 ;_
1467 5422 1654 5498 itaque
1682 5421 1829 5494 quod

225 5495 302 5549 He
316 5494 465 5552 ricus
495 5499 561 5554 de
594 5497 650 5553 S.
677 5494 915 5551 Eusebio
937 5503 990 5549 et
1020 5495 1246 5550 ecclesia
1268 5494 1601 5550 Vercellensi
1622 5500 1826 5560 narrat,

230 5582 324 5637 pse
372 5569 438 5623 de
495 5570 548 5625 S.
607 5568 812 5624 Isicliio
849 5574 905 5622 et
941 5567 1170 5624 ecclesia
1226 5565 1540 5622 Viennensi
1586 5564 1834 5637 exponit,

230 5645 524 5712 utramque
552 5639 900 5698 confundens
927 5637 1316 5694 narrationem.

1935 4620 2100 4675 funus
2120 4615 2435 4674 venerabile
2466 4619 2804 4688 prosecutos.
2839 4613 2901 4668 In
2931 4610 3133 4684 quibus
3162 4618 3216 4666 et
3241 4626 3310 4666 ex
3337 4608 3537 4682 quibus

1933 4709 2177 4782 quinque
2208 4708 2461 4763 feruntur
2509 4702 2893 4761 famosissima
2941 4700 3224 4774 proposito
3265 4697 3530 4770 virgines,

1935 4808 2069 4855 natu
2117 4815 2386 4872 germanae
2401 4797 2448 4867 δ,
2489 4811 2725 4869 quarum
2761 4794 2987 4850 nomina
3039 4793 3125 4848 vel
3167 4791 3363 4848 merita
3391 4789 3537 4846 cele-

1937 4891 2090 4948 brem
2121 4891 2180 4946 in
2227 4897 2418 4948 nostra
2460 4888 2749 4963 provincia
2777 4903 2847 4943 ex
2894 4886 3058 4958 longo
3087 4884 3375 4941 obtinuere
3413 4896 3536 4936 me—

2007 5019 2028 5046 ι
2066 4993 2144 5046 De
2198 4991 2430 5047 Saturno
2471 4989 2578 5046 hoc
2635 4987 2762 5043 vide
2813 4982 3214 5041 Preetermissos
3270 4979 3337 5036 ad
3389 4978 3538 5034 hunc

1941 5063 2111 5121 diem.

2007 5147 2031 5182 b
2069 5135 2130 5189 In
2163 5133 2294 5192 Vita
2320 5150 2422 5189 ms.
2456 5130 2511 5186 S.
2541 5128 2864 5200 Magnentize
2895 5142 3004 5182 non
3033 5125 3295 5200 dicuntur
3324 5121 3407 5177 hae
3433 5120 3538 5200 vir-

1940 5207 2091 5277 gines
2130 5205 2299 5260 fuisse
2349 5205 2596 5277 inter_se_
2622 5195 2890 5277 germanae
2923 5215 2954 5277 ;_
2977 5197 3071 5252 sed
3107 5195 3535 5277 $_._Magnentiaa

1937 5267 2145 5346 Eollcgw
2164 5284 2218 5332 et
2244 5276 2468 5330 comites.
2502 5267 2710 5329 Deinde
2731 5286 2841 5346 non
2862 5269 3092 5346 quinque
3117 5267 3193 5322 ibi
3226 5280 3536 5346 numeran-

1938 5356 2050 5415 tur,
2069 5340 2163 5403 sed
2194 5355 2431 5418 quatuor
2455 5351 2688 5410 tantum,
2713 5340 2913 5397 omissa
2938 5340 3202 5396 Maxima.
3220 5340 3536 5418 ﬂammam

1940 5407 2156 5491 quoque
2186 5407 2272 5471 v‘el
2322 5417 2388 5491 de
2419 5417 2526 5491 hoc
2570 5407 2798 5468 numero
2841 5427 2950 5466 non
2981 5409 3235 5491 esse,nv'el
3269 5425 3396 5491 cum
3427 5407 3537 5488 Ma-

1975 5480 2161 5545 neiitia
2204 5488 2471 5544 confundi
2491 5495 2780 5561 ‘oportere,
2807 5480 3092 5561 contendit
3113 5480 3445 5561 _Bargedaeus
3475 5480 3538 5561 in

1975 5508 2161 5545 nentia
2204 5508 2471 5544 contundi
2510 5508 2780 5557 oportere,
2807 5508 3092 5540 wuwuuu
3123 5508 3445 5550 Dal'guuwua
3475 5508 3538 5534 ιιι

1939 5508 2276 5619 Eollectione
2325 5577 2427 5616 ms.
2484 5558 2810 5617 Sanctorum
2847 5551 3414 5611 Antissiodorensium
3466 5547 3539 5610 ad
