4074 6186
562 218 698 283 i223
741 300 754 309 δ

1556 215 1795 275 HEBICI
1834 212 2153 273 MONACHI
2189 208 2848 272 ANTISSIODORENSIS

3720 204 3749 263 1
3764 200 3880 265 224

526 375 813 431 «ωοτίειω.
876 373 1082 430 Harum
1138 377 1269 437 tres,
1322 367 1410 425 his
1466 368 1752 425 vocabulis
1816 368 2150 440 Magnentia,
2182 368 2231 425 Α
2261 365 2575 433 sublimius,
2608 370 2815 436 quanto
2844 367 2926 416 est
2957 360 3200 417 Romana
3223 356 3557 415 excellentia
3587 356 3892 414 Gallicana

558 463 820 532 Palladia,
854 472 1015 534 atque
1044 459 1335 525 Camillaa,
1360 465 1420 513 ut
1447 458 1681 530 singula:
1714 457 1832 529 ipso
1863 455 1921 511 in
1953 454 2154 510 itinere

559 555 833 612 divinitus
878 557 1116 609 evocata:
1146 548 1291 603 diem
1331 549 1574 603 clausere
1622 546 1988 602 novissimum
2008 545 2054 612 δ,
2094 543 2153 599 in

557 643 782 716 publico
810 655 1001 713 aggere
1029 637 1272 693 nobilem
1299 651 1552 708 accepere
1583 635 1943 706 sepulturam,
1968 633 2154 688 eccle-

559 731 656 786 siis
686 727 1095 801 superstructis,
1141 741 1436 797 earumque
1484 724 1790 781 sanctitatis
1843 720 2147 788 dedicatis;

559 835 679 892 quae
701 818 975 890 hodieque
995 816 1064 871 ob
1096 815 1489 870 miraculorum
1519 812 1854 869 evidentiam
1885 819 1938 866 et
1970 811 2155 865 famo-

558 909 788 965 sissimae
812 912 1088 972 constant,
1126 913 1180 959 et
1218 903 1427 975 ingenti
1459 904 1794 975 populorum
1821 899 2004 956 studio
2035 899 2154 953 fre-

558 1005 910 1069 quentantur.
973 997 1240 1061 Duarum,
1294 992 1494 1064 quibus
1541 991 1680 1048 sacri
1730 989 2151 1046 tumulationem

557 1085 803 1157 corporis
861 1092 943 1140 est
972 1082 1158 1138 videre
1188 1098 1531 1149 concessum,
1563 1082 1752 1147 altera,
1781 1079 1869 1136 cui
1900 1079 2151 1133 Maximae

557 1175 885 1232 vocabulum
910 1173 1038 1240 fuit,
1073 1171 1217 1227 circa
1244 1170 1490 1226 eamdem
1517 1169 1801 1225 basilicam
1825 1168 1987 1225 condi
2017 1184 2152 1239 pro-

557 1262 798 1330 meruit;
835 1276 996 1334 quam
1043 1266 1227 1314 tamen
1278 1257 1624 1330 postmodum
1660 1258 1900 1313 ambitus
1935 1256 2153 1311 fabrica:

555 1351 781 1424 majoris
827 1349 1081 1407 inclusit:
1134 1349 1325 1416 altera,
1378 1348 1631 1404 Porcaria
1658 1348 1825 1416 dicta,
1862 1362 2010 1401 nono
2041 1346 2153 1400 fere

555 1442 622 1498 ab
668 1440 802 1496 urbe
852 1439 1114 1495 milliario
1167 1437 1225 1492 in
1257 1436 1486 1494 ecclesia
1516 1436 1630 1493 suis
1652 1436 1911 1509 praclara
1941 1432 2153 1490 meritis

554 1531 866 1605 requiescit.

627 1622 714 1677 34.
752 1622 840 1676 Ex
882 1619 1060 1692 pridie
1103 1619 1476 1675 Kalendarum
1508 1619 1879 1691 Augustarum
1905 1615 2014 1684 die,
2048 1632 2155 1687 qua

554 1711 848 1769 Confessor
867 1708 1109 1765 eximius
1128 1709 1342 1764 sarcina
1371 1709 1585 1764 levatus
1614 1708 1815 1774 carnis,
1840 1703 2155 1762 ccelestibus
2183 1735 2228 1794 B

552 1807 634 1855 est
668 1799 983 1855 insinuatus
1031 1798 1305 1866 sacrariis,
1338 1797 1537 1853 tertius
1582 1804 1635 1853 et
1664 1794 2154 1868 quinquagesimus

551 1890 882 1945 volvebatur
901 1889 1018 1944 dies
1038 1899 1077 1956 ⁸,
1111 1906 1236 1945 cum
1269 1889 1409 1944 sacri
1437 1888 1730 1942 thesaurus
1756 1886 2006 1957 corporis
2030 1901 2152 1956 pro-

550 1980 684 2051 priae
706 1979 922 2033 refusus
937 1978 1083 2045 urbi,
1110 1978 1347 2032 solemni
1368 1974 1632 2046 obsequio
1654 1977 1983 2046 populorum
2007 1974 2152 2029 exci-

548 2070 722 2142 pitur,
751 2076 914 2139 atque
937 2066 1084 2123 intra
1115 2066 1459 2139 principalis,
1486 2065 1576 2121 cui
1598 2066 1831 2133 sederat,
1858 2066 1882 2098 ά
1908 2064 2151 2121 ecclesiae

549 2147 819 2214 ambitum
850 2157 1173 2212 collocatur.
1206 2155 1288 2210 Ibi
1329 2171 1425 2227 per
1453 2154 1641 2212 (lectam
1676 2155 1967 2211 continuos
1992 2163 2013 2189 °
2035 2154 2154 2210 dies

549 2246 868 2320 ingentibus
890 2244 1200 2301 officiorum
1224 2242 1487 2315 impensis
1506 2243 1780 2299 excolitur
1800 2262 1814 2310 ;
1841 2243 2017 2298 donec
2037 2260 2151 2298 om-

476 2380 485 2387 .
548 2335 738 2403 nibus,
767 2353 887 2410 quae
917 2334 985 2389 ad
1008 2333 1100 2406 jus
1148 2332 1385 2406 sepulcri
1421 2333 1719 2406 pertinent,
1752 2332 2151 2391 ofﬁciosissime

548 2425 841 2499 apparatis,
875 2439 987 2479 non
1020 2439 1189 2494 parva
1218 2422 1447 2477 humani
1481 2422 1694 2494 generis
1710 2432 1966 2495 congesta
1997 2424 2152 2479 mul—

550 2504 806 2582 titudine,
846 2520 909 2568 ut
938 2511 1134 2568 Virum
1169 2510 1396 2567 decebat
1438 2511 1824 2583 apostolicum,
1855 2513 2150 2584 sepulturae

551 2603 880 2658 traderetur.
906 2601 1137 2669 Verum,
1172 2601 1306 2673 quin
1328 2600 1387 2655 in
1418 2601 1583 2657 rebus
1610 2601 1845 2674 singulis
1870 2618 1968 2674 pro
1988 2609 2150 2673 captu

547 2690 773 2762 impune
793 2690 993 2760 cuique
1019 2689 1235 2762 opinari
1261 2690 1478 2746 licitum
1496 2699 1597 2759 est,
1618 2707 1729 2746 non
1758 2698 1962 2746 temere
1983 2689 2151 2745 dixe-

547 2780 674 2848 rim,
726 2788 1006 2835 tantorum
1057 2781 1359 2837 intercessu
1396 2782 1613 2838 dierum
1650 2800 1762 2838 non
1792 2781 2003 2838 funeris
2051 2798 2150 2838 so-

545 2865 833 2924 lummodo
851 2867 1135 2937 provisum
1155 2870 1439 2937 apparatui
1457 2887 1470 2935 ;
1490 2886 1683 2925 verum
1699 2873 2073 2929 sacerdotibus
2087 2889 2151 2929 ac

546 2956 764 3031 populis
793 2970 822 3011 e
852 2955 1080 3010 remotis
1105 2963 1378 3010 terrarum
1411 2955 1776 3028 undecunque
1815 2961 2145 3028 occursuris,

547 3051 772 3125 quique,
796 3048 841 3105 si
864 3048 1040 3104 sancti
1062 3047 1368 3104 defuissent
1388 3049 1684 3120 exsequiis,
1710 3048 1766 3103 id
1788 3066 1919 3105 vero
1941 3051 2148 3107 ferrent

543 3139 845 3213 aegerrime,
896 3137 1006 3193 fuit
1042 3137 1145 3195 hac
1189 3138 1506 3194 tumulandi
1557 3137 1847 3195 Pontiﬁcis
1877 3138 2144 3198 dilatione

543 3228 877 3287 consultum.

621 3317 707 3372 35.
751 3315 907 3383 Quod
940 3330 1067 3387 ergo
1093 3316 1233 3372 sacri
1266 3316 1351 3372 tui
1382 3317 1629 3389 corporis
1658 3318 1946 3390 praesentia
1990 3318 2142 3373 frui—

540 3422 685 3477 mur,
706 3406 853 3480 quod
870 3405 979 3461 viri
1001 3415 1129 3478 post
1144 3407 1418 3479 apostolos
1448 3407 1883 3479 splendidissimi
1906 3408 2142 3481 gloriosa

538 3497 807 3555 memoria
853 3496 1219 3564 illustramur,
1267 3496 1414 3568 quod
1459 3497 1700 3570 denique
1746 3498 2136 3570 certissimum,

538 3606 648 3664 quo
677 3606 732 3646 se
762 3594 950 3644 nostra
978 3587 1250 3659 fragilitas
1295 3587 1562 3655 conferat,
1598 3589 1979 3660 periculorum
2010 3608 2137 3647 om-

535 3678 692 3734 nium
711 3676 1027 3750 praesidium
1052 3676 1387 3744 obtinemus,
1406 3677 1690 3748 praemisso
1713 3678 1979 3734 ineffabili
2003 3695 2139 3734 san-

534 3775 634 3826 cta:
673 3775 727 3824 et
776 3766 1082 3822 individuae
1127 3764 1415 3820 Trinitatis
1467 3767 1762 3836 praeconio,
1822 3767 1947 3835 tibi,
1979 3769 2138 3824 Pater

532 3858 920 3924 sacratissime,
953 3865 1131 3928 grates
1165 3854 1514 3909 omnimodas
1552 3864 1605 3910 et
1637 3856 1902 3913 habemus
1930 3865 1983 3912 et
2011 3860 2135 3930 agi-

510 3961 657 4001 .mus
685 3964 697 4001 :
731 3952 785 3999 te
816 3952 1118 3999 amatorem
1148 3943 1357 4015 patriae,
1383 3951 1623 4000 tutorem
1650 3946 1846 4017 gregis,
1872 3956 2134 4005 tuorum-

532 4048 640 4107 que
670 4033 1035 4105 praedicamus
1080 4040 1290 4103 patrem
1321 4034 1813 4091 clementissimum
1862 4038 2127 4110 filiorum,

529 4122 768 4196 quicum
790 4122 846 4177 in
867 4120 1113 4192 angustis
1135 4121 1589 4193 imperiisedibus
1608 4124 1851 4197 ipsorum
1873 4130 2127 4200 componi

527 4224 714 4282 posses
742 4209 999 4265 manibus
1018 4217 1398 4282 augustorum,
1423 4219 1688 4287 tantoque
1715 4216 1926 4288 apicem
1951 4219 2127 4274 locare

527 4298 676 4376 diem
726 4297 795 4355 26
839 4297 1205 4376 Novembris;
1266 4299 1432 4370 idque
1478 4302 1605 4373 quia
1648 4302 1703 4358 in
1734 4303 1892 4360 theca
1915 4305 2128 4376 lapidea

530 4371 715 4446 longe
736 4369 1146 4446 antiquissima,
1188 4370 1245 4424 in
1278 4369 1384 4442 quia
1408 4369 1663 4446 ser—vatur
1690 4390 1888 4446 corpus
1916 4369 1984 4430 Sf
2002 4377 2126 4431 Ma-

2182 3098 2224 3157 C

2265 453 2641 510 mediocritate
2671 450 3018 523 provectior;
3042 457 3212 520 utque
3240 448 3414 504 Roma
3444 446 3738 518 apostolis,
3782 448 3885 503 Ba-

2264 558 2442 597 venna
2469 556 2687 612 quoque
2717 539 2988 595 Germano
3015 544 3281 610 perstaret
3310 535 3546 607 insignis
3571 553 3582 590 :
3618 535 3888 592 vicerunt

2268 636 2448 684 tamen
2468 638 2693 701 paterna
2714 645 2776 684 ac
2802 634 3047 682 materna
3069 625 3278 680 viscera
3304 644 3317 692 ;
3342 626 3479 681 vicit
3499 624 3885 684 desolatorum

2262 735 2417 775 amor
2463 726 2516 773 et
2570 716 2784 772 affectio
2839 714 3104 779 ﬁliorum,
3164 728 3303 785 quos
3357 714 3597 783 qualiter
3653 714 3883 785 vivens,

2263 823 2534 880 quamque
2593 806 2835 877 impense
2892 803 3187 869 dilexeras,
3251 809 3505 857 mortuus
3557 802 3880 861 declarasti.

2263 900 2341 953 Ita
2382 905 2547 962 certe,
2582 894 2660 949 ita
2693 901 2844 948 tuam
2887 890 3136 958 decebat,
3175 891 3336 945 Pater
3362 890 3703 963 aequissime,
3747 908 3883 948 san-

2261 985 2542 1050 ctitatem;
2583 989 2646 1036 ut
2675 981 2773 1053 qui
2804 996 2902 1052 pro
2933 988 3292 1035 externorum
3323 979 3634 1035 commodis
3666 989 3725 1036 te
3764 982 3882 1037 fre-

2263 1081 2494 1147 quenter
2533 1070 2901 1143 impenderas,
2934 1076 3109 1124 terras
3146 1084 3212 1125 ac
3252 1068 3424 1123 maria
3463 1085 3876 1142 peragraveras,

2263 1178 2451 1233 aspera
2479 1169 2758 1233 postremo
2792 1166 2992 1214 cuncta
3016 1159 3339 1230 pertuleras,
3372 1156 3741 1215 domesticam
3762 1176 3874 1215 non

2263 1251 2564 1322 negligeres
2605 1250 2846 1321 plebem,
2889 1247 2980 1302 cui
3026 1255 3075 1301 te
3122 1247 3322 1303 Rector
3360 1261 3546 1301 rerum
3590 1249 3879 1303 maximus

2263 1341 2554 1412 specialem
2591 1338 2833 1395 contulit
2871 1352 3100 1409 praeesse
3130 1344 3424 1409 pastorem.
3461 1338 3505 1393 Ο
3535 1354 3702 1410 quam
3737 1339 3877 1395 bene

2263 1431 2328 1485 de
2354 1430 2449 1484 illa
2478 1428 2728 1494 meritus,
2762 1442 2924 1498 quam
2957 1425 3187 1481 sinceris
3214 1441 3273 1480 es
3303 1426 3585 1498 obsequiis
3615 1427 3876 1483 excolen-

2262 1519 2386 1586 dus,
2416 1515 2576 1587 cujus
2617 1515 2844 1571 orbitati
2878 1513 3268 1583 acerbissimae,
3304 1521 3415 1569 tam
3457 1530 3727 1587 praesens,
3761 1524 3870 1571 tam

2264 1606 2625 1679 praecipuum,
2647 1613 2761 1660 tam
2785 1603 3022 1676 denique
3049 1602 3322 1659 familiare
3341 1604 3665 1676 suffragium
3694 1606 3870 1678 provi-

2262 1694 2413 1762 disti,
2448 1711 2558 1767 quo
2582 1711 2693 1749 non
2726 1693 2889 1749 modo
2919 1693 3281 1765 praesentibus
3300 1695 3639 1762 consuleres,
3676 1711 3864 1750 verum

2262 1784 2398 1857 ipsis
2444 1783 2677 1856 posteris
2707 1799 2924 1856 quoque
2961 1781 3319 1838 subvenires!
3371 1782 3574 1838 Urbem
3626 1791 3865 1838 nostram

2261 1891 2444 1929 rerum
2481 1880 2678 1927 natura
2719 1869 3048 1941 dispositrix
3089 1867 3250 1923 siccis
3290 1868 3498 1924 locavit
3528 1869 3588 1923 in
3618 1870 3863 1941 rupibus,

2262 1963 2432 2018 nullis
2477 1962 2675 2034 Opibus
2711 1960 2931 2027 fultam,
2973 1957 3127 2013 nulla
3171 1957 3310 2013 situs
3350 1958 3557 2013 artisve
3604 1959 3866 2031 qualitate

2262 2056 2565 2111 munitam:
2612 2053 2729 2109 haec
2761 2069 2828 2108 ne
2866 2052 3092 2107 nomine
3130 2050 3356 2123 quidem
3384 2051 3553 2123 digna
3579 2053 3862 2121 existeret,

2261 2146 2307 2202 si
2327 2146 2408 2202 tui
2432 2145 2687 2201 thesauro
2711 2144 2959 2215 corporis
2978 2142 3244 2199 caruisset
3268 2160 3279 2197 :
3305 2158 3412 2214 quo
3443 2143 3578 2214 quia
3601 2143 3863 2199 illustrari

2262 2234 2493 2290 miriﬁce
2522 2233 2743 2302 meruit,
2784 2249 2848 2288 eo
2880 2233 3025 2287 inter
3053 2240 3248 2286 caetera
3277 2229 3410 2286 hinc
3438 2231 3716 2302 gloriosus
3735 2231 3862 2287 emi-

2261 2330 2368 2391 cat,
2408 2339 2515 2395 quo
2546 2330 2668 2394 post
2695 2322 2972 2394 apostolos
3000 2321 3155 2376 nulla
3192 2320 3303 2376 alia
3336 2321 3702 2391 margaritum
3738 2338 3863 2394 pre-

2260 2412 2456 2468 tiosius
2475 2417 2676 2466 servat.

2331 2501 2419 2557 36.
2451 2502 2569 2556 Jam
2600 2515 2733 2555 vero
2775 2499 2842 2554 de
2874 2498 3205 2571 supradictae
3231 2499 3573 2572 exceptionis
3601 2500 3861 2573 qualitate

2260 2591 2394 2664 quid
2423 2590 2676 2659 sentiam,
2709 2589 2777 2645 ad
2809 2590 3033 2662 plenum
3065 2590 3259 2645 efferre
3288 2605 3401 2644 non
3428 2590 3689 2658 sufficio;
3721 2607 3861 2664 quo-

2258 2682 2406 2737 niam
2443 2680 2543 2736 diu
2578 2697 2793 2737 mecum
2831 2680 3179 2753 multumque
3212 2687 3565 2748 rectractans,
3613 2696 3718 2736 nec
3752 2682 3860 2753 ipsa

2258 2772 2429 2828 animi
2460 2772 2590 2828 satis
2621 2766 2767 2828 hanc
2793 2772 3204 2844 perspicacitate
3234 2770 3506 2827 discerno.
3528 2770 3691 2828 Diem
3715 2788 3859 2827 nam-

2259 2877 2363 2933 que
2406 2863 2561 2917 illam
2603 2862 2789 2934 gaudii
2828 2862 3090 2929 dixerim,
3130 2877 3201 2916 an
3240 2860 3513 2927 mmroris,
3543 2861 3603 2916 id
3632 2877 3767 2917 vero
3803 2863 3859 2917 in

2256 2953 2486 3024 ancipiti
2519 2961 2632 3020 est;
2665 2953 2759 3009 sed
2790 2961 2844 3008 et
2859 2952 2904 3009 si
2933 2955 3167 3009 alterum
3193 2953 3311 3008 sine
3338 2954 3511 3009 altero
3542 2952 3857 3024 praedicem,

2258 3050 2538 3098 tantorum
2583 3052 2801 3116 tamque
2851 3042 3235 3115 religiosorum
3274 3043 3485 3098 civium
3521 3052 3643 3098 tum
3671 3044 3856 3115 pietati

2255 3139 2372 3186 tum
2403 3132 2709 3203 prudentiae
2728 3148 2926 3188 vereor
2952 3133 3233 3203 derogare.
3267 3131 3437 3203 Cujus
3469 3133 3620 3187 enim
3644 3133 3857 3188 fletibus

2252 3236 2348 3277 ora
2375 3228 2654 3289 vacarent,
2700 3238 2864 3294 quem
2905 3222 3072 3277 ovilis
3109 3229 3324 3294 pastore
3360 3221 3612 3277 destituti
3657 3221 3857 3277 orbitas

2251 3310 2621 3367 admoneret?
2649 3313 2710 3367 In
2741 3328 2848 3385 qua
2874 3312 2931 3367 id
2954 3312 3251 3384 putabatur
3276 3312 3687 3383 gravissimum,
3714 3310 3855 3385 quod

2250 3418 2473 3474 peregre
2501 3400 2759 3457 obeuntis
2791 3403 3041 3459 excessui
3064 3402 3450 3459 devotissimos
3471 3402 3621 3458 ﬁlios
3643 3418 3711 3457 ne
3729 3417 3852 3456 con.

2247 3510 2459 3550 cessum
2490 3493 2712 3567 quidem
2740 3495 2917 3550 fuerat
2938 3493 3383 3550 interesse.lllud
3402 3508 3534 3547 vero
3563 3492 3847 3563 gaudium,

2247 3606 2411 3662 quam
2440 3589 2548 3645 fuit
2575 3591 2852 3647 ineffabile
2875 3609 2888 3658 ;
2921 3606 3087 3663 quam
3126 3588 3278 3662 puris
3306 3588 3599 3645 affectibus
3622 3589 3849 3645 conflata

2248 3678 2489 3735 lzetitia?
2532 3680 2891 3752 Recipiehant
2928 3687 3138 3751 patrem
3177 3678 3303 3745 ﬁlii,
3345 3686 3589 3733 tutorem
3634 3678 3844 3750 pupilli,

2245 3765 2520 3838 desperati
2552 3769 2870 3839 consilium,
2900 3768 3102 3841 trepidi
3135 3768 3569 3823 ﬁrmamentum.
3620 3768 3666 3824 Ο
3712 3767 3846 3823 diem

2244 3858 2522 3929 festivam,
2573 3860 2743 3916 tantis
2782 3860 3008 3916 uberem
3050 3859 3331 3932 lacrymis,
3371 3860 3542 3914 tantis
3572 3858 3847 3931 gravidam

2244 3948 2495 4020 gaudiis;
2538 3950 2630 4006 cui
2667 3949 2901 4023 quisque
2943 3950 3067 4021 (pro
3107 3949 3380 4022 quisquis)
3422 3965 3535 4003 non
3575 3948 3847 4013 interfuit,

2240 4039 2674 4110 spectaculorum
2707 4048 2858 4111 parte
2890 4056 3051 4112 quam
3095 4039 3343 4095 maxima
3368 4039 3582 4105 caruit;
3617 4055 3727 4111 qua
3756 4054 3849 4093 nec

2238 4128 2427 4183 urbem
2452 4128 2687 4198 tristior,
2718 4146 2818 4186 nec
2843 4130 3030 4186 orbem
3061 4129 3275 4185 afflavit
3304 4128 3573 4183 hilarior.

2306 4217 2396 4275 37.
2415 4218 2535 4274 Rite
2568 4219 2823 4275 omnibus
2847 4219 3180 4292 praeparatis,
3214 4235 3341 4274 cum
3372 4225 3426 4272 et
3448 4216 3846 4273 confluentium

2238 4307 2382 4377 ludia
2414 4314 2467 4361 et
2492 4309 2753 4363 Pomaria
2790 4310 2825 4364 8
2867 4309 3139 4376 Octobris,
3175 4307 3243 4377 de
3274 4309 3329 4363 S.
3379 4307 3619 4362 Camilla
3666 4316 3845 4363 actum

2230 4376 2341 4448 jam
2366 4386 2448 4463 est
2472 4379 2560 4459 die
2583 4379 2615 4435 3
2638 4379 2823 4435 Martii
2845 4397 2966 4453 pag.
2992 4379 3115 4448 242,
3142 4376 3243 4435 ubi
3259 4377 3653 4463 emendandus
3671 4394 3846 4433 annus

529 4440 789 4521 gnentiaa,
818 4440 934 4521 haec
962 4440 1384 4521 repraesentatur-
1404 4443 1459 4521 in
1484 4446 1624 4521 lecto
1648 4440 1979 4521 moribunda
1998 4464 2124 4521 cum
2155 4459 2201 4517 1)
2230 4440 2433 4504 'mortis
2463 4449 2598 4521 ejus.

525 4512 1367 4588 tribusAtantum_a_ssislentibus
1392 4514 1447 4588 ei
1480 4516 1788 4588 virginibus
1814 4536 1824 4572 :
1856 4526 1972 4573 tum
1998 4519 2127 4588 quia

527 4599 641 4655 non
678 4584 863 4655 plures
892 4583 1230 4638 exhibentur
1259 4584 1316 4638 in
1347 4583 1913 4655 picturis'ecclesiaeS.
1940 4583 2127 4645 Palla—

528 4653 652 4726 diae.
679 4653 969 4726 Diversam
997 4661 1184 4708 tamen
1216 4671 1243 4709 a
1280 4653 1595 4726 Magnentia
1630 4660 1927 4715 Maximam
1958 4661 2126 4717 fuisse

527 4725 737 4815 evincit
765 4724 886 4815 ejus
917 4726 1167 4815 tumulus
1196 4734 1251 4780 et
1275 4724 1495 4815 corpus,
1511 4747 1639 4815 quae
1665 4734 1927 4815 iisquead
1947 4734 2124 4814 profa-

508 4794 806 4852 nationem
847 4794 1230 4851 Calvinianam
1282 4794 1415 4852 anxii
1474 4794 1610 4856 1567
1644 4794 2016 4858 Αηιῖδεὶοὰὸτί
2065 4804 2123 4859 in

524 4864 778 4944 ccenobio
804 4867 875 4944 _S.
910 4867 1162 4944 _Ger_ma_ai
1199 4875 1414 4944 servata
1466 4872 1690 4944 fuerunt
1723 4891 1736 4939 ;
1786 4881 1847 4927 ut
1878 4882 2023 4944 patet
2052 4891 2122 4929 ex

523 4936 1056 5016 Actis__vi_sitationis.
1081 4936 1416 5016 Sigueriana:
1435 4984 1447 5008 ,
1477 4942 1574 5016 ubi
1602 4936 1906 5016 etiamnum
1937 4962 2120 5016 super-

522 5026 639 5067 esse
658 5008 865 5066 dicitur
885 5009 991 5064 hoc
1010 5006 1501 5139 ejusﬁpitaphium
1528 5014 1800 5071 Gallicum
1827 5033 1837 5071 :
1872 5006 2122 5085 Hicjucet

522 5097 713 5139 corpus
759 5081 984 5135 dominre
1031 5084 1087 5135 b'.
1194 5081 1390 5136 awimw
1434 5084 1676 5139 timinis.
1713 5103 1829 5139 auw
1873 5090 2120 5139 comitata

519 5097 713 5153 corpus
759 5081 1011 5156 domina:
1031 5084 1087 5135 b'.
1135 5081 1390 5156 qujmw
1434 5084 1676 5155 tirginis,
1713 5103 1829 5156 quw
1873 5081 2120 5145 comitata

506 5159 596 5226 est
640 5169 835 5224 corpus
881 5153 1225 5226 Stier-magni
1253 5154 1509 5226 Ravenna
1523 5153 1697 5226 usque
1720 5153 1780 5211 in
1819 5159 1912 5213 hoc
1938 5177 2118 5215 cae-no-

502 5224 665 5297 bium
693 5241 811 5278 cum
840 5226 900 5297 S.
942 5224 1221 5297 Ralladia,
1252 5225 1307 5279 S.
1336 5224 1663 5297 Magnentiu,
1695 5230 1751 5284 S.
1797 5230 2027 5287 Camilla
2072 5238 2119 5287 et

520 5295 577 5373 δ.
620 5295 907 5373 Ρωζσανία.
959 5295 1226 5373 Caeterum
1268 5312 1376 5373 quo
1403 5295 1733 5373 dieculatur
1763 5302 1817 5357 S.
1850 5303 2112 5373 Maxima,

504 5367 738 5444 tametsi
790 5374 969 5444 exstet
1024 5365 1141 5438 ejus
1189 5365 1447 5444 sacellum
1498 5371 1809 5429 inlaudato
1839 5365 2111 5444 coenobio,

517 5432 783 5516 hactenus
813 5432 1146 5511 ignoramus.
1184 5438 1525 5497 Castellanus
1549 5460 1668 5499 eam
1698 5454 1945 5502 accenset
1974 5432 2116 5501 ahe—l-

514 5517 703 5561 meris.

587 5585 610 5613 ⁸·
636 5577 714 5633 De
747 5577 1050 5650 Magnentia
1071 5591 1262 5657 agetur
1292 5582 1360 5644 26
1388 5584 1747 5657 Novembris;
1767 5587 1835 5645 de
1855 5588 1952 5647 SS.
1974 5589 2111 5647 Pal-

2304 4523 2327 4556 ι’
2349 4522 2405 4576 Si
2438 4520 2499 4593 in
2523 4523 2639 4593 ipso
2658 4521 2855 4578 itinere
2877 4531 3106 4578 mortuae
3127 4530 3279 4591 sunt,
3314 4522 3400 4577 vel
3432 4537 3543 4593 non
3564 4520 3845 4576 celebran-

2235 4600 2324 4647 tur
2353 4608 2416 4647 eo
2452 4592 2562 4666 die,
2595 4610 2704 4666 quo
2733 4593 2991 4666 obierunt
3024 4594 3314 4666 (iterenim
3342 4592 3565 4666 duravit
3586 4593 3659 4647 ab
3681 4593 3845 4666 initio

2233 4664 2468 4737 Augusti
2499 4662 2769 4737 usquead
2801 4666 2870 4721 22
2893 4662 3253 4737 Septembris)
3280 4683 3293 4732 ;
3321 4665 3407 4719 vel
3429 4662 3533 4737 ubi
3564 4679 3668 4737 per
3695 4664 3842 4719 viain

2233 4733 2292 4788 in
2315 4733 2927 4805 niorhuminciderunt,
2951 4733 3047 4792 diu
3068 4737 3391 4793 decubuisse
3413 4733 3667 4791 dicendae
3688 4741 3840 4801 sunt,

2231 4812 2525 4878 antequam
2545 4808 2970 4878 exspiraverint.

2302 4887 2323 4912 ο
2350 4876 2591 4951 Advenit
2621 4876 2761 4951 ergo;
2777 4878 2866 4951 die
2895 4881 2963 4935 22
2993 4878 3348 4951 Septembris,
3392 4893 3506 4951 quo,
3531 4876 3839 4951 adventum

2229 4946 2389 5002 illum
2420 4946 2704 5074 gelebrari'
2733 4949 2978 5007 diximus
3025 4946 3085 5007 iri
3134 4946 3548 5008 Commentario
3600 4949 3836 5021 praevio,

2229 5034 2383 5073 num.
2461 5063 2473 5074 .

2228 5034 2383 5073 num.
2420 5034 2473 5075 4.

2299 5092 2322 5126 ἀ
2352 5091 2490 5146 Puta
2516 5092 2738 5166 ecclesiae
2774 5092 2829 5149 S.
2876 5093 3161 5166 Stephani,
3194 5110 3315 5166 quae
3342 5092 3682 5166 cathedralis
3708 5099 3831 5146 est:

2226 5171 2551 5236 nontamen
2589 5163 2667 5218 ibi
2699 5166 2945 5236 sepultus
2969 5163 3096 5234 fuit,
3129 5173 3191 5219 ut
3210 5163 3351 5220 mox
3380 5165 3611 5236 patebit.

2298 5243 2320 5270 °
2346 5235 2550 5308 Nempe
2582 5236 2667 5308 (ut
2696 5234 2951 5308 sequetur
2988 5253 3047 5291 n.
3078 5237 3173 5305 37)
3220 5234 3395 5308 usque
3430 5234 3507 5308 ad
3549 5234 3833 5290 Kalendas

2225 5304 2501 5373 Octobris,
2539 5306 2704 5376 hujus
2750 5304 2827 5361 rei
2867 5304 3165 5374 memoriae,
3210 5304 3551 5372 solémniter,
3590 5314 3654 5361 ut
3700 5314 3833 5360 ante

2224 5378 2583 5445 ostendimus,
2633 5387 2993 5434 consecratas.
3038 5380 3211 5434 Porro
3254 5386 3432 5433 totum
3466 5378 3575 5433 hoc
3606 5386 3828 5449 tempus

2222 5449 2459 5504 rotundo
2488 5450 2772 5519 sexaginta
2792 5450 3003 5506 dierum
3037 5466 3288 5518 numero,
3318 5450 3412 5504 sed
3446 5450 3638 5503 minus
3667 5465 3826 5503 accu-

2220 5526 2353 5593 rate,
2390 5522 2727 5593 complexus
2750 5529 2832 5577 est
2872 5522 2927 5578 S.
2964 5522 3259 5593 Gregorius
3302 5519 3642 5577 Turonensis
3678 5519 3826 5575 infra

2218 5590 2490 5658 citandus,
2522 5590 2675 5649 num.
2708 5591 2798 5652 41.
