4066 6190
241 195 376 255 1225

1192 201 1285 258 DE
1322 199 1700 261 MIRACULIS
1738 203 1794 262 S.
1837 201 2181 262 GERMANI.
2228 236 2290 246 ο·-
2335 201 2477 261 LIB.
2525 200 2568 261 Ι.

3401 203 3542 266 1226

241 356 395 412 nulla
446 365 586 414 esset
632 358 863 430 requies,
912 367 965 414 ct
1011 359 1108 432 qui
1143 369 1535 429 convenerant,
1586 361 1684 416 vix
1708 359 1820 432 jam
1858 365 1906 423 A
1934 359 2236 427 basilicam,
2267 359 2550 416 conﬁdens
2576 376 2636 417 se
2661 376 2898 433 suosque
2919 360 3038 431 ejus
3061 377 3170 417 non
3201 380 3390 435 parum
3421 380 3544 436 pro-

236 445 476 516 regionis
523 447 886 518 amplitudine
927 457 1268 520 caperentur,
1321 450 1410 506 die
1451 451 1824 506 Kalendarum

234 535 557 591 Octobrium
589 537 733 592 intra
779 539 1014 610 sepulcri
1052 538 1238 595 abdita
1270 539 1560 596 thesaurus
1588 540 1829 598 caelestis

233 624 547 697 deponitur,
574 633 724 681 tanto
741 626 888 683 orbis
912 635 1177 684 terrarum
1195 629 1398 698 oﬂicio,
1421 638 1572 686 tanta
1598 630 1828 687 humani

233 715 444 788 generis
493 715 717 786 pietate,
763 725 824 772 ut
870 715 989 772 luce
1034 718 1238 774 clarius
1262 727 1538 776 constaret
1569 719 1829 776 omnibus

232 805 380 861 hunc
429 805 634 861 summi
677 806 735 860 in
784 807 922 863 coelo
963 823 1076 864 esse
1126 809 1332 878 meriti,
1378 808 1536 880 cujus
1584 810 1642 864 in
1670 809 1830 865 terris

230 903 382 951 tanta
425 894 858 968 providebantur
899 897 1116 954 honori.
1169 898 1343 955 Locus
1390 899 1625 972 sepulcri
1663 897 1831 970 hujus

231 991 343 1041 tum
378 984 599 1059 quidem
634 986 990 1058 perexiguum
1019 995 1133 1042 erat
1163 987 1487 1056 oratorium,
1527 988 1584 1042 in
1615 1004 1714 1045 suo
1736 987 1832 1060 ip-

230 1075 344 1132 sius
374 1074 600 1148 praedio,
636 1077 895 1148 martyris
927 1077 1174 1134 Mauritii
1207 1077 1421 1134 meritis
1449 1078 1762 1136 dedicatum
1785 1081 1827 1148 ³,

231 1163 375 1236 quod
404 1164 494 1220 vir
523 1164 1006 1237 splendidissimus
1035 1182 1200 1237 supra
1221 1173 1522 1222 memorato
1552 1166 1829 1239 quondam

229 1257 469 1314 Saturno
499 1252 864 1325 delegaverat,
897 1261 957 1309 ut
986 1254 1087 1311 sub
1109 1255 1448 1327 professione
1479 1255 1830 1313 sacerdotalis

230 1344 380 1404 tituli
413 1352 721 1415 martyrum
748 1343 1031 1401 memoriis
1064 1345 1204 1401 inibi
1232 1345 1552 1402 deserviret.
1584 1346 1830 1403 Necdum

230 1433 544 1490 immanitas
565 1432 803 1489 ethnicas
826 1433 1236 1505 superstitionis
1255 1433 1627 1504 obsoleverat;
1651 1435 1833 1493 adhuc

229 1523 622 1582 Christianitas
641 1523 809 1579 arctis
836 1523 1054 1580 obsessa
1083 1523 1292 1580 ﬁnibus
1321 1527 1640 1597 angebatur,
1669 1525 1831 1581 fanis-

233 1630 338 1688 que
367 1630 461 1686 per
491 1611 680 1669 orbem
710 1629 1100 1688 usquequaque
1131 1613 1468 1686 vigentibus,
1502 1613 1709 1673 Christi
1739 1633 1829 1674 ec‘

225 1703 415 1762 clesiis
443 1701 768 1760 extruendis
799 1703 1052 1760 modicus
1073 1703 1335 1774 ambitus,
1358 1706 1590 1778 exiguus
1623 1705 1834 1778 impen-

225 1794 460 1850 debatur
511 1801 564 1850 et
601 1795 821 1850 cultus:
876 1794 1122 1850 nondum
1155 1812 1210 1851 se
1240 1794 1387 1853 circa
1421 1796 1553 1851 talia
1583 1795 1830 1851 ﬁdelium

225 1884 393 1940 ardor
415 1883 718 1950 eﬁ‘uderat;
754 1901 989 1958 quorum
1022 1885 1078 1940 in
1108 1885 1426 1956 regionibus
1455 1893 1582 1940 ante
1612 1885 1830 1940 Germa-

225 1991 362 2030 num
397 1974 808 2032 sanctissimum
838 1975 1032 2047 ingens
1056 1991 1274 2047 quoque
1304 1976 1502 2030 raritas
1536 1975 1826 2030 existebat.

222 2063 365 2121 Cum
384 2065 532 2120 enim
554 2064 672 2135 ipse
693 2065 750 2120 in
772 2064 907 2121 urbe
924 2081 1024 2120 sua
1043 2064 1310 2136 septimus
1330 2063 1524 2120 ordine
1543 2063 1830 2120 ecclesiam

220 2157 456 2223 rexerit,
507 2156 679 2212 claret
726 2155 992 2226 profecto,
1034 2154 1182 2227 quod
1229 2153 1310 2222 hi,
1361 2154 1457 2228 qui
1488 2163 1614 2210 ante
1649 2156 1830 2228 ipsum

217 2244 492 2302 exstitere
508 2241 818 2314 pontiﬁces,
843 2243 1160 2300 obluctante
1187 2242 1294 2298 sibi
1311 2243 1658 2300 saevientium
1681 2244 1832 2300 rabie

222 2350 587 2409 paganorum,
639 2333 826 2388 minus
872 2331 1066 2399 libere,
1116 2332 1301 2389 minus
1355 2333 1514 2405 plene
1543 2333 1832 2406 religionis

221 2425 530 2488 fundavere
555 2423 888 2497 primordia;
905 2424 995 2480 cui
1021 2431 1200 2480 tamen
1221 2423 1332 2494 hic,
1355 2422 1513 2496 cujus
1529 2424 1829 2494 nobilitati,

221 2515 427 2572 virtuti
484 2531 546 2572 ac
597 2513 879 2586 sapientiae
937 2514 1140 2587 passim
1198 2513 1377 2570 obniti
1427 2531 1538 2570 non
1597 2522 1828 2587 poterat,

224 2602 562 2659 multimoda
598 2618 698 2658 suo
720 2610 964 2674 tempore
996 2602 1236 2658 contulit
1265 2602 1624 2659 incrementa.

855 2748 1085 2807 CAPUT
1125 2748 1221 2808 IV.

222 2847 478 2904 Basilica:
529 2845 583 2902 S.
619 2843 871 2918 Ger-mani
910 2851 956 2899 et
987 2843 1216 2918 sepulcri
1249 2843 1635 2918 magniﬁcentia
1663 2845 1829 2916 regia,

610 2917 888 2972 miraculis
917 2916 1151 2972 assiduis
1180 2916 1447 2972 decorata.

295 3045 388 3102 38.
421 3045 718 3116 Progressa
759 3050 1075 3114 temporum
1124 3057 1289 3099 sacrm
1318 3040 1449 3098 ﬁdei
1473 3041 1833 3115 circumqua-

221 3155 329 3213 que
360 3112 938 3210 prolatisinsignibus,
971 3149 1096 3189 cum
1129 3140 1182 3188 et
1205 3133 1309 3206 ipsi
1341 3149 1558 3206 quoque
1585 3112 1833 3188 Franco-
1869 3112 1911 3172 Ο

220 3247 349 3285 rum
380 3246 629 3300 proceres
648 3227 846 3285 edictis
874 3227 1020 3284 colla
1049 3225 1366 3282 coelestibus
1397 3224 1830 3289 summisissent,

221 3319 556 3376 venerabilis
619 3327 673 3375 et
729 3315 1103 3374 monumentis
1159 3315 1437 3385 condigna
1492 3315 1830 3385 perennibus

222 3410 596 3470 Crotechildis
615 3415 638 3450 δ
661 3411 867 3483 regina,
889 3406 1072 3476 magni
1097 3405 1363 3477 principis
1381 3403 1643 3462 Clodovei
1668 3422 1826 3473 uxor,

219 3500 428 3573 spiritu
456 3498 829 3562 tactadivino,
850 3509 1014 3564 supra
1038 3493 1213 3547 sancti
1245 3493 1520 3547 tumulum
1554 3493 1831 3565 pontiﬁcis

220 3588 702 3664 ingentisfabricae
713 3592 874 3656 atque
889 3599 1127 3655 operosae
1147 3582 1532 3654 amplitudinis
1552 3586 1830 3640 exstruxit

298 3715 320 3740 τ.
354 3679 416 3732 In
451 3676 588 3731 Hist.
623 3671 1207 3746 epp.Ant_issiod.cap.
1233 3673 1282 3741 7,
1323 3670 1388 3728 de
1421 3673 1621 3728 Sancto
1645 3681 1831 3730 nostro

219 3749 440 3805 dicitur
465 3765 474 3802 :
511 3743 725 3802 Fecit—et
745 3744 1012 3798 basilicam
1041 3743 1094 3796 in
1123 3744 1320 3798 honore
1339 3751 1642 3800 sanctorum
1672 3764 1832 3801 mar-

222 3828 408 3891 tyrum
465 3816 856 3891 Agaunensiam
911 3815 1165 3891 Mauricii
1210 3815 1426 3891 scilicet,
1468 3817 1832 3891 sociorumque

217 3885 341 3961 eius
362 3907 381 3954 ;
417 3885 530 3961 rubi
546 3895 592 3942 et
633 3889 738 3942 hac
779 3887 921 3961 dona
946 3885 1159 3961 _obtulit,
1212 3887 1581 3961 Warchiacum
1614 3889 1667 3961 in
1692 3885 1830 3958 pago

219 3956 504 4027 Senonico,
556 3976 680 4039 cum.
719 3956 1355 4039 universisnappen'diciis
1406 3958 1558 4020 suis;
1609 3958 1665 4010 in
1692 3956 1830 4039 pago

217 4049 432 4105 quoque
474 4027 932 4105 Antissiodorensi
967 4027 1289 4105 _Corvallem
1336 4043 1454 4078 cum
1503 4027 1830 4105 appendiciis

219 4097 374 4178 Suis;
404 4119 511 4178 _iiec
561 4118 675 4178 non
709 4107 755 4154 et
787 4099 1024 4178 .lIolinis,
1051 4097 1295 4178 similiter
1323 4113 1440 4178 quin
1480 4099 1826 4178 appendiciis,

218 4176 357 4230 suis.
397 4174 459 4228 In
486 4190 588 4243 quo
609 4173 765 4226 etiam
793 4169 1036 4243 oratorio
1051 4174 1306 4243 sanet-itm
1334 4169 1685 4243 Saturninum
1716 4170 1831 4226 vita:

215 4238 681 4318 probatissimum,
714 4258 966 4318 suumque
992 4240 1363 4318 _discipulmn,
1391 4238 1660 4318 ordinauit
1701 4259 1829 4312 pre-

220 4311 536 4389 sbyterii-ni;
559 4321 624 4389 _ut
649 4315 745 4368 sub
771 4311 1100 4389 professione
1129 4311 1472 4389 sacerdotalis
1504 4311 1646 4366 tituli
1674 4311 1832 4368 inar—

223 4382 407 4460 tyrum
437 4387 567 4460 inibi
592 4382 858 4460 memoriis
884 4382 1184 4460 deserviret.

1939 448 2065 505 vehi
2099 466 2252 520 posse
2284 450 2554 521 precibus,
2586 448 2745 522 cujus
2776 458 2926 506 tanta
2946 459 3166 524 tamque
3187 452 3420 510 miriﬁca
3439 470 3540 510 ex-

1937 538 2154 594 stabant
2173 537 2412 611 insignia
2430 540 2754 596 sanctitatis.
2787 540 2867 596 Ac
2897 541 3012 613 ipsa
3042 548 3384 613 tempestate,
3414 562 3538 604 cum

1938 628 2161 702 prmfata
2209 627 2458 699 Augusta
2504 637 2723 685 sanctus
2756 629 2942 702 Lupus
2972 629 3264 702 episcopus
3294 632 3447 687 venit
3476 634 3543 690 de

1939 715 2240 790 superioris
2270 715 2606 787 Burgundiae
2630 717 2876 789 partibus
2906 729 2959 784 c;
2992 720 3197 792 quique
3228 737 3338 776 non
3372 723 3546 778 multo

1939 813 2061 878 post
2091 805 2159 862 ad
2190 822 2286 861 xvr
2319 804 2442 861 Kal.
2483 804 2618 859 Julii
2657 803 2702 873 (³,
2747 805 2836 860 die
2876 806 3099 863 functus
3149 826 3426 880 supremo,
3477 827 3545 868 ex

1939 895 2140 967 reginae
2178 894 2381 967 placito
2413 893 2470 949 in
2501 893 2688 949 eadem
2707 893 2936 950 ecclesia
2955 895 3213 952 decenter
3240 915 3302 955 ac
3325 900 3543 971 religio-

1940 999 1995 1039 se
2016 983 2355 1056 compositus
2384 983 2713 1056 requiescit;
2747 983 2894 1055 quod
2923 983 3083 1040 Pario
3109 1001 3275 1059 penes
3307 1003 3406 1042 nos
3437 989 3551 1044 im-
3579 1017 3584 1019 -

1940 1090 2187 1145 pressum
2239 1071 2500 1128 marmori
2538 1071 2738 1144 cuique
2777 1073 2953 1144 legere
2991 1074 3239 1146 cupienti
3277 1077 3551 1150 scriptura

1941 1163 2129 1236 prodit
2157 1161 2457 1234 antiquior.

2012 1252 2097 1308 39.
2131 1250 2351 1306 Exinde
2371 1248 2547 1321 major
2562 1248 2901 1318 Clotharius,
2921 1251 3332 1322 praenominata
3359 1257 3551 1314 Crete-

1941 1341 2145 1400 childis
2172 1341 2340 1410 ﬁlius,
2376 1340 2528 1413 regni
2559 1339 2891 1398 sublimatus
2911 1339 2969 1396 in
2989 1341 3153 1411 solio,
3175 1350 3548 1420 maternaque

1942 1431 2258 1488 devotionis
2287 1431 2590 1487 ﬁdissimus
2618 1437 2909 1488 exsecutor
2932 1438 2986 1486 et
3014 1429 3209 1500 haeres,
3250 1442 3372 1506 post
3402 1436 3550 1508 geni-

1942 1522 2098 1579 tricis
2122 1538 2407 1579 excessum
2434 1537 2598 1594 super
2621 1519 2953 1576 adoraudam
2969 1519 3273 1579 beatissimi
3294 1523 3552 1581 Germani

1945 1612 2266 1668 memoriam
2299 1629 2394 1684 per
2414 1628 2611 1668 manus
2633 1611 2808 1669 sancti
2831 1610 3124 1678 Desiderii,
3149 1611 3394 1685 ejusdem
3419 1624 3554 1674 tunc

1944 1702 2100 1760 urbis
2121 1703 2367 1776 episcopi
2400 1715 2444 1772 ο,
2477 1701 2753 1774 regalibus
2772 1702 3028 1774 expensis
3047 1702 3258 1761 fredam
3287 1704 3306 1742 ί
3334 1722 3554 1782 compo-

1945 1795 2086 1862 suit;
2120 1811 2242 1868 quae
2273 1811 2371 1850 oro
2408 1799 2741 1866 argentoque
2771 1792 3174 1865 elegantissime
3193 1794 3469 1868 decorata,
3493 1797 3550 1856 in

1947 1891 2188 1940 nostram
2237 1899 2455 1956 quoque
2483 1882 2717 1938 duravit
2764 1889 3000 1952 aetatem,
3050 1884 3330 1942 auctorem
3372 1887 3552 1945 mini-

1944 1979 2232 2044 strumque
2249 1972 2430 2044 operis
2452 1973 2850 2043 insculptarum
2864 1973 2968 2027 sibi
2981 1972 3273 2046 designans
3287 1975 3549 2049 suﬂ'ragio

1945 2057 2280 2114 litterarum.
2301 2057 2447 2126 Quin
2472 2058 2637 2112 etiam
2656 2058 3030 2114 memorabilis
3059 2058 3304 2130 ejusdem
3334 2062 3554 2119 Clotha-

1946 2147 2015 2207 rii
2041 2149 2271 2222 conjux,
2299 2148 2567 2220 Ingundis
2595 2147 2840 2217 nomine,
2869 2165 2995 2206 cum
3019 2151 3284 2222 religione
3308 2152 3554 2210 famosis-

1947 2240 2105 2307 sima,
2140 2247 2256 2294 tum
2291 2238 2457 2294 etiam
2488 2237 2758 2308 largitatis
2785 2245 2841 2293 et
2869 2238 3173 2309 diligentiae
3203 2257 3330 2314 erga
3374 2244 3544 2301 eccle-

1943 2330 2052 2386 sias
2090 2329 2406 2402 singularis,
2455 2328 2706 2400 sepulcro
2756 2325 2902 2382 beati
2952 2328 3212 2384 Germani
3260 2346 3356 2402 per
3401 2331 3547 2389 idem

1945 2427 2162 2492 tempus
2192 2417 2430 2492 plurima
2451 2433 2708 2473 vasorum
2732 2416 3138 2490 palliorumque
3160 2418 3364 2476 obtulit
3393 2437 3551 2478 orna-

1946 2514 2131 2564 menta
2153 2526 2166 2576 ;
2202 2507 2348 2564 inter
2369 2523 2489 2580 quas
2514 2505 2740 2562 calicem
2761 2506 3040 2579 egregium
3057 2523 3192 2564 auro
3212 2510 3548 2581 splendidis-

1943 2597 2087 2654 simo
2118 2596 2456 2670 gemmisque
2485 2603 2832 2668 compactum
2865 2595 3127 2666 vidimus,
3168 2597 3438 2670 praetiosis
3469 2616 3550 2657 re-

1945 2688 2086 2760 gina:
2126 2688 2450 2745 memoriam
2494 2685 2718 2744 insertis
2750 2687 2950 2744 litteris
2989 2689 3392 2760 praeferentem,
3425 2707 3546 2764 qua

1946 2792 2151 2833 munus
2181 2775 2285 2834 hoc
2307 2793 2403 2850 per
2432 2792 2626 2832 manus
2646 2793 2812 2849 supra
2832 2777 3106 2834 nominati
3127 2778 3397 2836 Desiderii
3416 2795 3548 2851 pon-

1946 2868 2115 2925 tiﬁcis
2143 2867 2301 2924 beato
2329 2867 2604 2923 Germano
2633 2867 2833 2924 devota
2860 2869 3190 2926 contulerat.

2018 2955 2104 3014 40.
2140 2957 2345 3016 Locum
2377 2973 2506 3014 sane
2536 2957 2721 3025 illum,
2761 2955 2830 3012 ob
2862 2955 3001 3014 sacri
3032 2955 3385 3030 privilegium
3414 2973 3550 3016 cor-

1944 3046 2114 3120 poris,
2149 3046 2542 3104 miraculorum
2568 3044 2742 3116 gloria
2761 3049 2975 3116 semper
2995 3045 3272 3102 exstitisse
3296 3045 3548 3118 frequen-

1941 3135 2246 3203 tissimum,
2290 3150 2452 3189 nemo
2500 3133 2727 3203 impune
2770 3131 3129 3189 dubitaverit.
3173 3135 3254 3190 Ea
3285 3136 3546 3206 quoniam

1943 3241 2043 3281 nec
2072 3239 2302 3280 numero
2332 3221 2520 3295 colligi
2542 3231 2588 3291 8,
2613 3238 2715 3280 nec
2743 3237 3118 3295 personarum,
3137 3224 3195 3280 in
3224 3226 3424 3298 quibus
3454 3244 3544 3301 pa-

1942 3321 2085 3371 trata
2122 3321 2274 3383 sunt,
2305 3312 2534 3370 nomina
2569 3321 2823 3387 poterant
2849 3313 3076 3370 retineri
3109 3314 3196 3388 (ut
3225 3316 3405 3374 solent
3433 3318 3546 3375 cito

1943 3405 2069 3462 data
2095 3421 2158 3462 ac
2187 3405 2534 3478 suppetentia
2564 3422 2795 3480 quaeque
2824 3407 3112 3480 vilescere)
3145 3408 3373 3467 incuria:
3404 3410 3546 3484 pari-

1942 3505 2025 3554 ter
2053 3504 2107 3554 et
2135 3496 2436 3553 oblivionis
2486 3497 2834 3571 squaloribus
2881 3497 3120 3556 obducta
3166 3508 3542 3574 torpuerunt:

1943 3602 2064 3660 quas
2094 3594 2279 3643 tamen
2309 3586 2590 3644 exstitisse
2619 3587 2975 3660 perplurima,
3000 3604 3070 3645 ex
3090 3606 3154 3646 eo
3174 3591 3366 3647 saltem
3389 3592 3546 3650 colli-

1943 3676 2083 3749 obiit
2136 3693 2266 3732 vero
2308 3676 2758 3749 Clothariusille
2806 3693 2950 3749 anno
2986 3677 3193 3736 Christi
3224 3679 3349 3738 561.
3385 3680 3545 3749 Quo-

1943 3748 2108 3803 modo
2138 3764 2263 3820 ergo
2285 3749 2372 3803 vel
2394 3748 2572 3824 prima
2601 3747 2720 3824 ejus
2748 3748 2975 3824 conjux,
3022 3751 3109 3824 vel
3142 3749 3274 3824 huic
3301 3747 3422 3824 ipse
3445 3753 3544 3810 diu

1943 3819 2235 3892 superstes,
2285 3819 2719 3876 muniﬁcentiam
2764 3837 2916 3876 suam
2947 3820 3005 3875 in
3036 3820 3185 3879 hunc
3219 3819 3401 3880 locum
3450 3841 3542 3880 ex-

1942 3907 2192 3968 promere
2225 3900 2522 3968 potuerunt
2543 3909 2640 3968 per
2683 3909 2872 3968 manus
2909 3893 3081 3968 sancti
3121 3893 3388 3968 Desiderii
3411 3895 3544 3968 _epi-

1942 3963 2094 4032 scopi
2126 3963 2644 4038 Autissiodorensis,
2693 3963 2794 4038 qui
2811 3963 2973 4036 juxta
3007 3964 3306 4038 Historiam
3337 3963 3544 4038 episco-

1941 4048 2136 4156 porum
2174 4033 2397 4087 illorum
2428 4051 2546 4104 cap.
2585 4035 2672 4101 20,
2706 4033 2893 4090 sedere
2936 4035 3178 4106 primum
3223 4033 3392 4109 erepit
3439 4039 3541 4096 sub

1961 4117 2107 4156 mem
2131 4103 2317 4156 saeculi
2339 4103 2528 4156 sexti?
2560 4105 2645 4156 An
2672 4104 2812 4156 forte
2841 4105 3158 4156 Clotharius
3184 4109 3395 4156 nrimm
3425 4126 3540 4156 nar.

1961 4103 2107 4156 iiiem
2131 4103 2317 4157 saeculi
2339 4103 2528 4191 sexti)?
2560 4104 2812 4191 Auferte
2841 4103 3158 4191 Clotharius
3184 4103 3395 4188 prinius
3425 4126 3540 4191 per-

1942 4187 2125 4245 peram
2157 4188 2254 4242 pro
2270 4172 2524 4245 _secundo
2555 4172 2872 4245 accipitur?
2919 4175 3087 4245 A_tqui
3128 4172 3260 4232 huic
3299 4172 3544 4236 nescitur

1939 4240 2229 4312 conjugem
2260 4241 2429 4316 fuisse
2458 4240 2783 4316 Ingundem.
2827 4244 2916 4316 A_n
2944 4240 3275 4316 Désiderius
3298 4263 3393 4316 per
3440 4264 3540 4303 er-

1940 4309 2133 4386 rorem'
2151 4328 2250 4384 pro
2279 4311 2388 4368 alio
2415 4309 2823 4386 quopiamejus
2851 4312 3135 4386 decessore
3164 4309 3372 4386 positus
3393 4317 3421 4371 ‘I
3448 4321 3537 4373 An

1942 4384 2127 4460 potius
2155 4382 2383 4460 enorme
2420 4382 2621 4460 vitium
2645 4382 2912 4460 _dicemus
2948 4401 3064 4441 esse
3097 4382 3541 4460 iii—chronologia

295 4486 320 4520 ι,
355 4461 414 4515 S.
460 4456 822 4513 Crotechildis.
867 4457 1002 4525 Acta
1048 4452 1320 4525 dedimus,
1351 4453 1441 4508 die
1471 4524 1474 4525 ν
1502 4453 1534 4508 3
1590 4451 1744 4508 Junii
1800 4471 1830 4509 a
1861 4463 1909 4522 D
1939 4451 2230 4522 Desiderii,
2259 4463 2320 4510 ut
2353 4454 2554 4525 passim
2601 4454 2718 4510 a'lia
2751 4465 3048 4513 occurrunt
3098 4455 3156 4511 in
3206 4457 3310 4512 ista
3363 4451 3540 4514 Histo-

220 4547 349 4604 pag.
386 4529 512 4604 292,
545 4529 602 4584 in
653 4527 853 4601 quibus
897 4523 1061 4596 hujus
1106 4524 1184 4580 rei
1232 4524 1386 4579 nulla
1434 4524 1718 4596 sigillatim
1768 4525 1831 4580 ﬁt

220 4601 466 4658 inentio.

297 4673 516 4745 °_Puta,_
541 4669 638 4726 ubi
669 4687 905 4745 regnum
936 4668 1070 4725 olim
1118 4664 1452 4745 B_urgundiae
1498 4665 1623 4745 fui_t_,
1673 4665 1831 4745 cujus

219 4743 380 4816 regia
428 4735 756 4816 sedesgerat'
781 4735 1311 4816 Arelatum._Por'ro
1357 4735 1544 4816 cuius
1571 4735 1828 4816 Ecclesiae

227 4807 525 4888 episcopus
543 4813 646 4888 _h_ic
671 4815 856 4888 Lupus
887 4811 1071 4888 fuerit,
1105 4810 1408 4888 ignpratur.
1445 4807 1829 4888 Vi_des_is_con-_-

219 4879 848 4958 jécturan1__Mab_ill_o:r_i_ii
887 4883 944 4937 in
991 4879 1301 4958 Annalibus
1340 4879 1713 4936 Benedictinis
1763 4880 1831 4936 ad

225 4952 444 5014 annum
476 4955 681 5013 Christi
711 4955 836 5022 593,
867 4969 1021 5009 num.
1054 4952 1144 5009 40.

313 5029 339 5064 α
371 5029 454 5083 Eo
483 5027 574 5082 die
601 5035 784 5082 tamen
815 5042 845 5080 a
875 5023 1172 5095 majoribus
1205 5023 1406 5095 nostris
1446 5023 1682 5095 omissus
1729 5029 1830 5095 est,

227 5097 597 5172 quantumvis
617 5097 710 5172 hic
729 5103 940 5172 sanctus
959 5093 1204 5172 vocetur,
1229 5093 1371 5150 sicut
1393 5102 1446 5148 et
1471 5094 1833 5172 in_ep_itaphio

227 5164 354 5242 ejus
376 5170 441 5250 .in
474 5170 684 5250 cryptis
719 5165 1294 5250 Autissiodorensibus
1331 5164 1659 5250 cmno‘biiis.
1693 5168 1835 5247 tier-

226 5234 426 5302 ii'ia-ni;
456 5234 554 5296 ubi
576 5234 633 5296 et
659 5257 856 5311 corpus
883 5238 1170 5311 inventum
1221 5243 1301 5292 est
1346 5235 1414 5290 ab
1459 5234 1834 5311 illustrissimo

228 5312 532 5385 Siguierio,
562 5311 619 5366 in
645 5306 964 5385 _visitatione
992 5309 1188 5385 saepius
1213 5311 1510 5385 memorata
1535 5306 1666 5385 anni
1698 5308 1835 5364 1636

229 5378 477 5442 omissus
509 5378 608 5450 est,
641 5383 886 5454 inquam,
920 5378 1143 5454 quia'de
1175 5381 1350 5446 cultu,
1383 5387 1444 5433 ut
1475 5378 1691 5449 opinor,
1722 5393 1835 5434 non

229 5455 371 5511 satis
399 5455 702 5510 constabat.

308 5529 327 5552 '
366 5524 682 5582 Clotharius
722 5525 743 5579 Ι
781 5522 972 5578 Galliae
1019 5519 1239 5575 tandem
1291 5518 1607 5587 monarcha,
1654 5519 1837 5590 plures

231 5596 438 5652 habuit
490 5613 688 5652 uxores
744 5604 864 5666 post
921 5592 1244 5663 lngundein,
1301 5591 1395 5663 qui
1455 5590 1632 5662 prima
1683 5590 1832 5647 fuit:

534 5688 774 5743 ΡΑτῐιοι.
813 5683 1062 5743 CXXIV.

1939 4526 2065 4600 ria?
2105 4525 2447 4600 Non_qbstat
2490 4532 2636 4580 certe
2685 4526 2916 4600 epistola
2956 4526 3014 4600 _S.
3065 4526 3313 4600 Gregorii
3350 4528 3540 4600 Magni

1941 4596 2146 4652 ibidem
2179 4595 2447 4670 adducta,
2494 4595 2756 4670 tanquam
2802 4597 3070 4670 inscripta
3112 4595 3388 4670 Desiderio
3432 4595 3538 4670 e'pio

1941 4617 2146 4652 lDlOBm
2194 4617 2447 4662 auauCta,
2495 4617 2756 4669 umquam
2802 4617 3070 4670 inscripta
3112 4617 3388 4654 ueStaerto
3432 4617 3458 4654 ε
3495 4619 3538 4655 ι’

1939 4685 2090 4743 scopo
2148 4667 2600 4743 Avitissiodoreiisi
2645 4684 2664 4722 :
2725 4684 2859 4743 _nam
2907 4667 3071 4743 juxta
3118 4669 3381 4743 _Gregorii
3439 4617 3538 4743 £0-

1942 4737 2193 4812 gistrum,
2227 4737 2327 4812 lib.
2351 4737 2629 4812 vii,_inte_r
2651 4737 3533 4812 epistolasiindictione'secunda,

1941 4808 2059 4892 sive
2088 4826 2234 4890 anno
2269 4808 2475 4892 Christi
2505 4809 2610 4866 599
2632 4808 2890 4892 scriptas,
2907 4811 3158 4892 habetur
3193 4812 3311 4870 haec
3337 4808 3535 4892 eadem

1941 4881 2241 4956 centesima
2270 4879 2504 4956 decima
2529 4879 3018 4956 sexta,_‘inscripta
3065 4892 3307 4956 tantum,
3326 4885 3538 4956 Deside-

1943 4953 2026 5008 rio
2055 4953 2310 5023 episcopo,
2341 4952 2460 5008 sine
2491 4952 2611 5009 loco
2640 4951 2801 5011 sedis.
2835 4951 2996 5012 Putat
3019 4972 3149 5012 vero
3178 4956 3258 5011 ibi
3288 4955 3536 5012 Mabillo-

1943 5023 2069 5097 pius
2088 5023 2589 5097 Desideriu_m__n_0n
2603 5023 2772 5097 hunc
2815 5035 3065 5097 nostrum
3106 5025 3400 5097 designari,
3434 5025 3537 5097 sed

1943 5093 2334 5150 Viennensem.
2362 5093 2546 5149 Adisis
2576 5094 2731 5150 illum
2756 5096 2814 5151 in
2841 5096 3151 5153 Annalibus
3165 5093 3538 5153 Benedictinis

1942 5165 2010 5221 ad
2039 5180 2246 5220 annum
2278 5164 2402 5232 622,
2434 5181 2588 5220 num.
2623 5165 2711 5221 34.

2015 5235 2239 5308 {Freda
2271 5253 2290 5299 ;
2317 5242 2380 5290 ut
2417 5236 2610 5308 probat
2635 5235 2892 5308 Cangius,
2925 5245 3006 5294 est
3035 5244 3417 5295 ornamentum
3449 5239 3540 5295 vel

1943 5306 2351 5448 umbracqlum,
2382 5306 2528 5378 quod
2558 5306 2907 5390 pegma—dum
2938 5309 3183 5390 aedicula».
3230 5308 3445 5366 feretris
3485 5317 3540 5366 et

1944 5395 2120 5448 capsis
2149 5394 2176 5432 s
2212 5385 2466 5448 notorum
2493 5393 2869 5448 superimponi
2899 5386 3208 5437 consueVit.

1944 5385 2120 5449 capsis
2149 5385 2466 5448 sanctorum
2493 5385 2869 5450 superimponi
2899 5385 3208 5437 consuevit.

1988 5459 2043 5524 _8
2071 5448 2212 5524 Vide
2241 5447 2616 5524 testimonium
2649 5465 2950 5524 consonum
2981 5452 3037 5507 S.
3064 5450 3264 5524 Nicetii
3293 5467 3380 5524 ep.
3411 5452 3540 5509 Tre-

1945 5519 2180 5575 virensis
2207 5535 2368 5591 supra
2398 5519 2745 5590 productum,
2774 5520 2832 5575 in
2864 5521 3270 5579 Commentario
3305 5519 3374 5578 a'd
3404 5524 3542 5580 Acta

1946 5591 2000 5647 S.
2035 5590 2170 5663 Lupi
2206 5590 2289 5663 ep.
2322 5590 2603 5646 Trecensis
2635 5591 2662 5662 ἕ
2699 5592 2745 5660 1,
2780 5608 2932 5650 num.
2961 5595 3014 5663 3,
3051 5611 3104 5666 p.
3136 5594 3228 5650 51.

3123 5683 3193 5740 39
