  <div class='ocr_page' id='page_1' title='image "/cluster/home/n/w/nwhite01/storage/ocr_20150623/124/hvd.32044054759865/619.png"; bbox 0 0 4074 6186; ppageno 0'>
   <div class='ocr_carea' id='block_1_1' title="bbox 439 163 661 282">
    <p class='ocr_par' dir='ltr' id='par_1_1' title="bbox 439 163 661 282">
     <span class='ocr_line' id='line_1_1' title="bbox 439 163 661 282; baseline -0.018 1"><span class='ocrx_word' id='word_1_1' title='bbox 439 163 449 170; x_wconf 38' lang='grc'><em>’</em></span> <span class='ocrx_word' id='word_1_2' title='bbox 518 205 661 282; x_wconf 67' lang='lat'>1229</span> 
     </span>
    </p>
   </div>
   <div class='ocr_carea' id='block_1_2' title="bbox 1530 178 2806 264">
    <p class='ocr_par' dir='ltr' id='par_1_2' title="bbox 1530 178 2806 264">
     <span class='ocr_line' id='line_1_2' title="bbox 1530 178 2806 264; baseline -0.011 -1"><span class='ocrx_word' id='word_1_3' title='bbox 1530 187 1776 264; x_wconf 68' lang='lat' dir='ltr'><strong>HERICI</strong></span> <span class='ocrx_word' id='word_1_4' title='bbox 1812 188 2132 261; x_wconf 84' lang='lat' dir='ltr'>MONACHI</span> <span class='ocrx_word' id='word_1_5' title='bbox 2181 178 2806 256; x_wconf 78' lang='lat' dir='ltr'>ANTISIODORENSIS</span> 
     </span>
    </p>
   </div>
   <div class='ocr_carea' id='block_1_3' title="bbox 3687 174 3849 238">
    <p class='ocr_par' dir='ltr' id='par_1_3' title="bbox 3687 174 3849 238">
     <span class='ocr_line' id='line_1_3' title="bbox 3687 174 3849 238; baseline 0 0"><span class='ocrx_word' id='word_1_6' title='bbox 3687 174 3849 238; x_wconf 73' lang='lat'>1228</span> 
     </span>
    </p>
   </div>
   <div class='ocr_carea' id='block_1_4' title="bbox 516 320 3850 444">
    <p class='ocr_par' dir='ltr' id='par_1_4' title="bbox 516 320 3850 444">
     <span class='ocr_line' id='line_1_4' title="bbox 516 320 3850 444; baseline -0.012 -15"><span class='ocrx_word' id='word_1_7' title='bbox 516 386 639 444; x_wconf 88' lang='lat' dir='ltr'>gere</span> <span class='ocrx_word' id='word_1_8' title='bbox 668 383 976 442; x_wconf 86' lang='lat' dir='ltr'>possumus,</span> <span class='ocrx_word' id='word_1_9' title='bbox 1007 362 1153 439; x_wconf 91' lang='lat' dir='ltr'>quod</span> <span class='ocrx_word' id='word_1_10' title='bbox 1195 358 1451 418; x_wconf 86' lang='lat' dir='ltr'>nonnulli</span> <span class='ocrx_word' id='word_1_11' title='bbox 1487 357 1669 414; x_wconf 90' lang='lat' dir='ltr'>adhuc</span> <span class='ocrx_word' id='word_1_12' title='bbox 1712 355 1990 444; x_wconf 83' lang='lat' dir='ltr'>seniorum</span> <span class='ocrx_word' id='word_1_13' title='bbox 2021 369 2107 444; x_wconf 83' lang='lat' dir='ltr'>su-</span> <span class='ocrx_word' id='word_1_14' title='bbox 2137 360 2187 419; x_wconf 83' lang='grc' dir='ltr'><strong>Α</strong></span> <span class='ocrx_word' id='word_1_15' title='bbox 2218 347 2421 444; x_wconf 74' lang='lat' dir='ltr'>posuit,</span> <span class='ocrx_word' id='word_1_16' title='bbox 2455 354 2521 444; x_wconf 8' lang='lat' dir='ltr'>et,</span> <span class='ocrx_word' id='word_1_17' title='bbox 2538 342 2715 401; x_wconf 87' lang='lat' dir='ltr'>sancti</span> <span class='ocrx_word' id='word_1_18' title='bbox 2754 341 2892 397; x_wconf 82' lang='lat' dir='ltr'>festa</span> <span class='ocrx_word' id='word_1_19' title='bbox 2939 352 3034 410; x_wconf 90' lang='lat' dir='ltr'>per</span> <span class='ocrx_word' id='word_1_20' title='bbox 3066 331 3313 407; x_wconf 88' lang='lat' dir='ltr'>singulos</span> <span class='ocrx_word' id='word_1_21' title='bbox 3359 320 3533 387; x_wconf 87' lang='lat' dir='ltr'>annos</span> <span class='ocrx_word' id='word_1_22' title='bbox 3582 330 3850 388; x_wconf 86' lang='lat' dir='ltr'>ﬁdeliter</span> 
     </span>
    </p>
   </div>
   <div class='ocr_carea' id='block_1_5' title="bbox 516 440 2117 533">
    <p class='ocr_par' dir='ltr' id='par_1_5' title="bbox 516 440 2117 533">
     <span class='ocr_line' id='line_1_5' title="bbox 516 440 2117 533; baseline -0.012 -17"><span class='ocrx_word' id='word_1_23' title='bbox 516 440 800 533; x_wconf 82' lang='lat' dir='ltr'>perstitem</span> <span class='ocrx_word' id='word_1_24' title='bbox 832 462 998 528; x_wconf 89' lang='lat' dir='ltr'>agunt</span> <span class='ocrx_word' id='word_1_25' title='bbox 1028 454 1222 519; x_wconf 90' lang='lat' dir='ltr'>vitam,</span> <span class='ocrx_word' id='word_1_26' title='bbox 1254 448 1351 523; x_wconf 86' lang='lat' dir='ltr'>qui</span> <span class='ocrx_word' id='word_1_27' title='bbox 1380 464 1437 504; x_wconf 90' lang='lat' dir='ltr'>se</span> <span class='ocrx_word' id='word_1_28' title='bbox 1466 455 1593 503; x_wconf 88' lang='lat' dir='ltr'>ante</span> <span class='ocrx_word' id='word_1_29' title='bbox 1622 446 1764 501; x_wconf 85' lang='lat' dir='ltr'>fores</span> <span class='ocrx_word' id='word_1_30' title='bbox 1790 442 1928 500; x_wconf 85' lang='lat' dir='ltr'>sacri</span> <span class='ocrx_word' id='word_1_31' title='bbox 1951 440 2117 533; x_wconf 81' lang='lat' dir='ltr'>hujus</span> 
     </span>
    </p>
   </div>
   <div class='ocr_carea' id='block_1_6' title="bbox 517 531 2116 624">
    <p class='ocr_par' dir='ltr' id='par_1_6' title="bbox 517 531 2116 624">
     <span class='ocr_line' id='line_1_6' title="bbox 517 531 2116 624; baseline -0.014 -16"><span class='ocrx_word' id='word_1_32' title='bbox 517 531 712 624; x_wconf 74' lang='lat' dir='ltr'>templi</span> <span class='ocrx_word' id='word_1_33' title='bbox 746 548 1039 604; x_wconf 89' lang='lat' dir='ltr'>innumera</span> <span class='ocrx_word' id='word_1_34' title='bbox 1078 549 1420 617; x_wconf 88' lang='lat' dir='ltr'>patratorum</span> <span class='ocrx_word' id='word_1_35' title='bbox 1458 539 1737 610; x_wconf 88' lang='lat' dir='ltr'>signorum</span> <span class='ocrx_word' id='word_1_36' title='bbox 1773 549 2007 607; x_wconf 85' lang='lat' dir='ltr'>appensa</span> <span class='ocrx_word' id='word_1_37' title='bbox 2035 531 2116 624; x_wconf 82' lang='lat' dir='ltr'>vi-</span> 
     </span>
    </p>
   </div>
   <div class='ocr_carea' id='block_1_7' title="bbox 516 621 2115 707">
    <p class='ocr_par' dir='ltr' id='par_1_7' title="bbox 516 621 2115 707">
     <span class='ocr_line' id='line_1_7' title="bbox 516 621 2115 707; baseline -0.013 -11"><span class='ocrx_word' id='word_1_38' title='bbox 516 621 662 696; x_wconf 80' lang='lat' dir='ltr'>disse</span> <span class='ocrx_word' id='word_1_39' title='bbox 707 637 1038 694; x_wconf 90' lang='lat' dir='ltr'>conﬁrmant</span> <span class='ocrx_word' id='word_1_40' title='bbox 1095 630 1352 707; x_wconf 85' lang='lat' dir='ltr'>insignia,</span> <span class='ocrx_word' id='word_1_41' title='bbox 1412 644 1531 700; x_wconf 71' lang='lat' dir='ltr'>quae</span> <span class='ocrx_word' id='word_1_42' title='bbox 1585 626 1652 682; x_wconf 90' lang='lat' dir='ltr'>ab</span> <span class='ocrx_word' id='word_1_43' title='bbox 1711 621 2115 694; x_wconf 86' lang='lat' dir='ltr'>energumenis,</span> 
     </span>
    </p>
   </div>
   <div class='ocr_carea' id='block_1_8' title="bbox 517 712 2116 795">
    <p class='ocr_par' dir='ltr' id='par_1_8' title="bbox 517 712 2116 795">
     <span class='ocr_line' id='line_1_8' title="bbox 517 712 2116 795; baseline -0.011 -11"><span class='ocrx_word' id='word_1_44' title='bbox 517 727 814 794; x_wconf 87' lang='lat' dir='ltr'>debilibus,</span> <span class='ocrx_word' id='word_1_45' title='bbox 862 722 1152 795; x_wconf 91' lang='lat' dir='ltr'>surdisque</span> <span class='ocrx_word' id='word_1_46' title='bbox 1180 737 1243 776; x_wconf 93' lang='lat' dir='ltr'>ac</span> <span class='ocrx_word' id='word_1_47' title='bbox 1273 720 1443 776; x_wconf 89' lang='lat' dir='ltr'>mutis</span> <span class='ocrx_word' id='word_1_48' title='bbox 1487 714 1953 774; x_wconf 85' lang='lat' dir='ltr'>revalescentibus</span> <span class='ocrx_word' id='word_1_49' title='bbox 1998 712 2116 767; x_wconf 92' lang='lat' dir='ltr'>loco</span> 
     </span>
    </p>
   </div>
   <div class='ocr_carea' id='block_1_9' title="bbox 517 799 2115 888">
    <p class='ocr_par' dir='ltr' id='par_1_9' title="bbox 517 799 2115 888">
     <span class='ocr_line' id='line_1_9' title="bbox 517 799 2115 888; baseline -0.011 -17"><span class='ocrx_word' id='word_1_50' title='bbox 517 814 783 888; x_wconf 90' lang='lat' dir='ltr'>deposita,</span> <span class='ocrx_word' id='word_1_51' title='bbox 815 812 1134 869; x_wconf 82' lang='lat' dir='ltr'>divinorum</span> <span class='ocrx_word' id='word_1_52' title='bbox 1157 825 1283 881; x_wconf 89' lang='lat' dir='ltr'>erga</span> <span class='ocrx_word' id='word_1_53' title='bbox 1303 807 1553 863; x_wconf 88' lang='lat' dir='ltr'>inﬁrmos</span> <span class='ocrx_word' id='word_1_54' title='bbox 1580 802 1978 861; x_wconf 90' lang='lat' dir='ltr'>beneﬁciorum</span> <span class='ocrx_word' id='word_1_55' title='bbox 2008 799 2115 855; x_wconf 88' lang='lat' dir='ltr'>uti-</span> 
     </span>
    </p>
   </div>
   <div class='ocr_carea' id='block_1_10' title="bbox 516 898 1618 974">
    <p class='ocr_par' dir='ltr' id='par_1_10' title="bbox 516 898 1618 974">
     <span class='ocr_line' id='line_1_10' title="bbox 516 898 1618 974; baseline -0.009 -14"><span class='ocrx_word' id='word_1_56' title='bbox 516 903 625 960; x_wconf 90' lang='lat' dir='ltr'>lem</span> <span class='ocrx_word' id='word_1_57' title='bbox 655 903 754 960; x_wconf 91' lang='lat' dir='ltr'>diu</span> <span class='ocrx_word' id='word_1_58' title='bbox 778 908 1237 974; x_wconf 73' lang='lat' dir='ltr'>repraesentavere</span> <span class='ocrx_word' id='word_1_59' title='bbox 1269 898 1618 953; x_wconf 81' lang='lat' dir='ltr'>memoriam.</span> 
     </span>
    </p>
   </div>
   <div class='ocr_carea' id='block_1_11' title="bbox 584 1011 2114 1095">
    <p class='ocr_par' dir='ltr' id='par_1_11' title="bbox 584 1011 2114 1095">
     <span class='ocr_line' id='line_1_11' title="bbox 584 1011 2114 1095; baseline -0.01 -15"><span class='ocrx_word' id='word_1_60' title='bbox 584 1024 674 1080; x_wconf 78' lang='grc'><strong>41.</strong></span> <span class='ocrx_word' id='word_1_61' title='bbox 725 1012 972 1095; x_wconf 79' lang='lat' dir='ltr'>Denique</span> <span class='ocrx_word' id='word_1_62' title='bbox 1015 1029 1069 1076; x_wconf 91' lang='lat' dir='ltr'>et</span> <span class='ocrx_word' id='word_1_63' title='bbox 1114 1018 1430 1092; x_wconf 79' lang='lat' dir='ltr'>Gregorius,</span> <span class='ocrx_word' id='word_1_64' title='bbox 1472 1018 1817 1073; x_wconf 88' lang='lat' dir='ltr'>Turonorum</span> <span class='ocrx_word' id='word_1_65' title='bbox 1866 1011 2114 1078; x_wconf 86' lang='lat' dir='ltr'>antistes,</span> 
     </span>
    </p>
   </div>
   <div class='ocr_carea' id='block_1_12' title="bbox 517 1103 2118 1184">
    <p class='ocr_par' dir='ltr' id='par_1_12' title="bbox 517 1103 2118 1184">
     <span class='ocr_line' id='line_1_12' title="bbox 517 1103 2118 1184; baseline -0.011 -11"><span class='ocrx_word' id='word_1_66' title='bbox 517 1117 908 1174; x_wconf 88' lang='lat' dir='ltr'>miraculorum</span> <span class='ocrx_word' id='word_1_67' title='bbox 941 1114 1190 1170; x_wconf 90' lang='lat' dir='ltr'>curiosus</span> <span class='ocrx_word' id='word_1_68' title='bbox 1230 1112 1516 1184; x_wconf 80' lang='lat' dir='ltr'>indagator</span> <span class='ocrx_word' id='word_1_69' title='bbox 1568 1126 1631 1167; x_wconf 89' lang='lat' dir='ltr'>ac</span> <span class='ocrx_word' id='word_1_70' title='bbox 1683 1103 2118 1165; x_wconf 78' lang='lat' dir='ltr'>studiosissimus</span> 
     </span>
    </p>
   </div>
   <div class='ocr_carea' id='block_1_13' title="bbox 516 1191 2116 1274">
    <p class='ocr_par' dir='ltr' id='par_1_13' title="bbox 516 1191 2116 1274">
     <span class='ocr_line' id='line_1_13' title="bbox 516 1191 2116 1274; baseline -0.011 -11"><span class='ocrx_word' id='word_1_71' title='bbox 516 1206 716 1274; x_wconf 84' lang='lat' dir='ltr'>editor,</span> <span class='ocrx_word' id='word_1_72' title='bbox 756 1204 1025 1260; x_wconf 90' lang='lat' dir='ltr'>nonnulla</span> <span class='ocrx_word' id='word_1_73' title='bbox 1054 1202 1123 1258; x_wconf 87' lang='lat' dir='ltr'>ad</span> <span class='ocrx_word' id='word_1_74' title='bbox 1162 1201 1328 1272; x_wconf 88' lang='lat' dir='ltr'>hujus</span> <span class='ocrx_word' id='word_1_75' title='bbox 1373 1209 1427 1255; x_wconf 89' lang='lat' dir='ltr'>et</span> <span class='ocrx_word' id='word_1_76' title='bbox 1474 1214 1570 1271; x_wconf 88' lang='lat' dir='ltr'>per</span> <span class='ocrx_word' id='word_1_77' title='bbox 1608 1195 1773 1268; x_wconf 91' lang='lat' dir='ltr'>hujus</span> <span class='ocrx_word' id='word_1_78' title='bbox 1816 1191 2116 1249; x_wconf 84' lang='lat' dir='ltr'>beatissimi</span> 
     </span>
    </p>
   </div>
   <div class='ocr_carea' id='block_1_14' title="bbox 514 1280 2117 1361">
    <p class='ocr_par' dir='ltr' id='par_1_14' title="bbox 514 1280 2117 1361">
     <span class='ocr_line' id='line_1_14' title="bbox 514 1280 2117 1361; baseline -0.011 -10"><span class='ocrx_word' id='word_1_79' title='bbox 514 1294 692 1351; x_wconf 88' lang='lat' dir='ltr'>Patris</span> <span class='ocrx_word' id='word_1_80' title='bbox 733 1294 1058 1350; x_wconf 88' lang='lat' dir='ltr'>memoriam</span> <span class='ocrx_word' id='word_1_81' title='bbox 1106 1297 1318 1361; x_wconf 86' lang='lat' dir='ltr'>patrata</span> <span class='ocrx_word' id='word_1_82' title='bbox 1346 1292 1777 1352; x_wconf 84' lang='lat' dir='ltr'>commemorat;</span> <span class='ocrx_word' id='word_1_83' title='bbox 1819 1300 1941 1357; x_wconf 69' lang='lat' dir='ltr'>quae</span> <span class='ocrx_word' id='word_1_84' title='bbox 1978 1280 2117 1349; x_wconf 89' lang='lat' dir='ltr'>suis,</span> 
     </span>
    </p>
   </div>
   <div class='ocr_carea' id='block_1_15' title="bbox 515 1369 2117 1458">
    <p class='ocr_par' dir='ltr' id='par_1_15' title="bbox 515 1369 2117 1458">
     <span class='ocr_line' id='line_1_15' title="bbox 515 1369 2117 1458; baseline -0.011 -18"><span class='ocrx_word' id='word_1_85' title='bbox 515 1399 679 1458; x_wconf 86' lang='lat' dir='ltr'>quam</span> <span class='ocrx_word' id='word_1_86' title='bbox 709 1382 934 1450; x_wconf 89' lang='lat' dir='ltr'>nostris,</span> <span class='ocrx_word' id='word_1_87' title='bbox 976 1380 1161 1437; x_wconf 84' lang='lat' dir='ltr'>verbis</span> <span class='ocrx_word' id='word_1_88' title='bbox 1205 1378 1515 1435; x_wconf 88' lang='lat' dir='ltr'>intimanda</span> <span class='ocrx_word' id='word_1_89' title='bbox 1556 1375 1875 1440; x_wconf 86' lang='lat' dir='ltr'>maluimus,</span> <span class='ocrx_word' id='word_1_90' title='bbox 1921 1387 1989 1427; x_wconf 90' lang='lat' dir='ltr'>ne</span> <span class='ocrx_word' id='word_1_91' title='bbox 2038 1369 2117 1424; x_wconf 90' lang='lat' dir='ltr'>rei</span> 
     </span>
    </p>
   </div>
   <div class='ocr_carea' id='block_1_16' title="bbox 512 1459 2118 1545">
    <p class='ocr_par' dir='ltr' id='par_1_16' title="bbox 512 1459 2118 1545">
     <span class='ocr_line' id='line_1_16' title="bbox 512 1459 2118 1545; baseline -0.009 -17"><span class='ocrx_word' id='word_1_92' title='bbox 512 1473 715 1545; x_wconf 83' lang='lat' dir='ltr'>absque</span> <span class='ocrx_word' id='word_1_93' title='bbox 745 1471 922 1544; x_wconf 89' lang='lat' dir='ltr'>pretio</span> <span class='ocrx_word' id='word_1_94' title='bbox 955 1486 1132 1542; x_wconf 82' lang='lat' dir='ltr'>operae</span> <span class='ocrx_word' id='word_1_95' title='bbox 1168 1473 1491 1540; x_wconf 86' lang='lat' dir='ltr'>permutatae</span> <span class='ocrx_word' id='word_1_96' title='bbox 1533 1464 1795 1538; x_wconf 86' lang='lat' dir='ltr'>quiddam</span> <span class='ocrx_word' id='word_1_97' title='bbox 1842 1460 1970 1517; x_wconf 88' lang='lat' dir='ltr'>ﬁdei</span> <span class='ocrx_word' id='word_1_98' title='bbox 2013 1459 2118 1515; x_wconf 90' lang='lat' dir='ltr'>de-</span> 
     </span>
    </p>
   </div>
   <div class='ocr_carea' id='block_1_17' title="bbox 514 1561 817 1627">
    <p class='ocr_par' dir='ltr' id='par_1_17' title="bbox 514 1561 817 1627">
     <span class='ocr_line' id='line_1_17' title="bbox 514 1561 817 1627; baseline 0 -10"><span class='ocrx_word' id='word_1_99' title='bbox 514 1561 817 1627; x_wconf 84' lang='lat' dir='ltr'>trahamus.</span> 
     </span>
    </p>
   </div>
   <div class='ocr_carea' id='block_1_18' title="bbox 2226 435 2548 494">
    <p class='ocr_par' dir='ltr' id='par_1_18' title="bbox 2226 435 2548 494">
     <span class='ocr_line' id='line_1_18' title="bbox 2226 435 2548 494; baseline -0.009 1"><span class='ocrx_word' id='word_1_100' title='bbox 2226 435 2548 494; x_wconf 82' lang='lat' dir='ltr'>celebravit.</span> 
     </span>
    </p>
   </div>
   <div class='ocr_carea' id='block_1_19' title="bbox 2296 516 3847 595">
    <p class='ocr_par' dir='ltr' id='par_1_19' title="bbox 2296 516 3847 595">
     <span class='ocr_line' id='line_1_19' title="bbox 2296 516 3847 595; baseline -0.008 -11"><span class='ocrx_word' id='word_1_101' title='bbox 2296 528 2384 584; x_wconf 80' lang='grc'>42.</span> <span class='ocrx_word' id='word_1_102' title='bbox 2414 526 2660 595; x_wconf 70' lang='lat' dir='ltr'>Quodam</span> <span class='ocrx_word' id='word_1_103' title='bbox 2690 531 2869 581; x_wconf 88' lang='lat' dir='ltr'>autem</span> <span class='ocrx_word' id='word_1_104' title='bbox 2902 530 3145 594; x_wconf 87' lang='lat' dir='ltr'>tempore</span> <span class='ocrx_word' id='word_1_105' title='bbox 3171 519 3239 576; x_wconf 90' lang='lat' dir='ltr'>ad</span> <span class='ocrx_word' id='word_1_106' title='bbox 3268 517 3644 592; x_wconf 86' lang='lat' dir='ltr'>supradictam</span> <span class='ocrx_word' id='word_1_107' title='bbox 3676 516 3847 573; x_wconf 86' lang='lat' dir='ltr'>basi-</span> 
     </span>
    </p>
   </div>
   <div class='ocr_carea' id='block_1_20' title="bbox 2228 608 3842 688">
    <p class='ocr_par' dir='ltr' id='par_1_20' title="bbox 2228 608 3842 688">
     <span class='ocr_line' id='line_1_20' title="bbox 2228 608 3842 688; baseline -0.006 -14"><span class='ocrx_word' id='word_1_108' title='bbox 2228 619 2413 685; x_wconf 88' lang='lat' dir='ltr'>licam,</span> <span class='ocrx_word' id='word_1_109' title='bbox 2448 617 2506 671; x_wconf 91' lang='lat' dir='ltr'>in</span> <span class='ocrx_word' id='word_1_110' title='bbox 2548 632 2655 688; x_wconf 91' lang='lat' dir='ltr'>qua</span> <span class='ocrx_word' id='word_1_111' title='bbox 2693 613 2939 686; x_wconf 68' lang='lat' dir='ltr'>reliquiae</span> <span class='ocrx_word' id='word_1_112' title='bbox 2977 611 3213 668; x_wconf 63' lang='lat' dir='ltr'>conditae</span> <span class='ocrx_word' id='word_1_113' title='bbox 3258 616 3406 678; x_wconf 90' lang='lat' dir='ltr'>sunt,</span> <span class='ocrx_word' id='word_1_114' title='bbox 3461 624 3588 664; x_wconf 89' lang='lat' dir='ltr'>cum</span> <span class='ocrx_word' id='word_1_115' title='bbox 3640 608 3842 677; x_wconf 86' lang='lat' dir='ltr'>Avito,</span> 
     </span>
    </p>
   </div>
   <div class='ocr_carea' id='block_1_21' title="bbox 2227 696 3843 773">
    <p class='ocr_par' dir='ltr' id='par_1_21' title="bbox 2227 696 3843 773">
     <span class='ocr_line' id='line_1_21' title="bbox 2227 696 3843 773; baseline -0.007 -10"><span class='ocrx_word' id='word_1_116' title='bbox 2227 707 2506 764; x_wconf 89' lang='lat' dir='ltr'>avunculo</span> <span class='ocrx_word' id='word_1_117' title='bbox 2538 722 2675 773; x_wconf 88' lang='lat' dir='ltr'>meo,</span> <span class='ocrx_word' id='word_1_118' title='bbox 2710 706 3088 760; x_wconf 77' lang='lat' dir='ltr'>Arvernorum</span> <span class='ocrx_word' id='word_1_119' title='bbox 3119 699 3368 755; x_wconf 85' lang='lat' dir='ltr'>antistite</span> <span class='ocrx_word' id='word_1_120' title='bbox 3398 710 3442 768; x_wconf 81' lang='lat'>°,</span> <span class='ocrx_word' id='word_1_121' title='bbox 3478 696 3843 754; x_wconf 86' lang='lat' dir='ltr'>accessimus.</span> 
     </span>
    </p>
   </div>
   <div class='ocr_carea' id='block_1_22' title="bbox 2227 789 3847 865">
    <p class='ocr_par' dir='ltr' id='par_1_22' title="bbox 2227 789 3847 865">
     <span class='ocr_line' id='line_1_22' title="bbox 2227 789 3847 865; baseline -0.007 -11"><span class='ocrx_word' id='word_1_122' title='bbox 2227 798 2331 854; x_wconf 91' lang='lat' dir='ltr'>Ubi</span> <span class='ocrx_word' id='word_1_123' title='bbox 2360 815 2484 854; x_wconf 92' lang='lat' dir='ltr'>cum</span> <span class='ocrx_word' id='word_1_124' title='bbox 2517 804 2735 852; x_wconf 91' lang='lat' dir='ltr'>sanctus</span> <span class='ocrx_word' id='word_1_125' title='bbox 2771 791 3020 865; x_wconf 85' lang='lat' dir='ltr'>pontifex</span> <span class='ocrx_word' id='word_1_126' title='bbox 3062 789 3286 862; x_wconf 88' lang='lat' dir='ltr'>jejunus</span> <span class='ocrx_word' id='word_1_127' title='bbox 3332 789 3612 860; x_wconf 88' lang='lat' dir='ltr'>ingressus</span> <span class='ocrx_word' id='word_1_128' title='bbox 3642 789 3847 844; x_wconf 83' lang='lat' dir='ltr'>fuisset</span> 
     </span>
    </p>
   </div>
   <div class='ocr_carea' id='block_1_23' title="bbox 2226 879 3842 958">
    <p class='ocr_par' dir='ltr' id='par_1_23' title="bbox 2226 879 3842 958">
     <span class='ocr_line' id='line_1_23' title="bbox 2226 879 3842 958; baseline -0.006 -16"><span class='ocrx_word' id='word_1_129' title='bbox 2226 886 2361 942; x_wconf 91' lang='lat' dir='ltr'>hora</span> <span class='ocrx_word' id='word_1_130' title='bbox 2402 885 2554 958; x_wconf 90' lang='lat' dir='ltr'>quasi</span> <span class='ocrx_word' id='word_1_131' title='bbox 2598 884 2833 950; x_wconf 88' lang='lat' dir='ltr'>decima,</span> <span class='ocrx_word' id='word_1_132' title='bbox 2882 898 3073 937; x_wconf 88' lang='lat' dir='ltr'>omnes</span> <span class='ocrx_word' id='word_1_133' title='bbox 3103 880 3198 952; x_wconf 88' lang='lat' dir='ltr'>qui</span> <span class='ocrx_word' id='word_1_134' title='bbox 3226 896 3349 935; x_wconf 91' lang='lat' dir='ltr'>cum</span> <span class='ocrx_word' id='word_1_135' title='bbox 3380 896 3444 935; x_wconf 89' lang='lat' dir='ltr'>eo</span> <span class='ocrx_word' id='word_1_136' title='bbox 3477 879 3842 944; x_wconf 83' lang='lat' dir='ltr'>intravimus,</span> 
     </span>
    </p>
   </div>
   <div class='ocr_carea' id='block_1_24' title="bbox 2227 968 3841 1042">
    <p class='ocr_par' dir='ltr' id='par_1_24' title="bbox 2227 968 3841 1042">
     <span class='ocr_line' id='line_1_24' title="bbox 2227 968 3841 1042; baseline -0.006 -10"><span class='ocrx_word' id='word_1_137' title='bbox 2227 975 2449 1032; x_wconf 91' lang='lat' dir='ltr'>odorem</span> <span class='ocrx_word' id='word_1_138' title='bbox 2510 976 2758 1030; x_wconf 89' lang='lat' dir='ltr'>liliorum</span> <span class='ocrx_word' id='word_1_139' title='bbox 2808 986 3166 1042; x_wconf 88' lang='lat' dir='ltr'>rosarumque</span> <span class='ocrx_word' id='word_1_140' title='bbox 3212 968 3438 1025; x_wconf 89' lang='lat' dir='ltr'>naribus</span> <span class='ocrx_word' id='word_1_141' title='bbox 3495 968 3841 1035; x_wconf 85' lang='lat' dir='ltr'>hausimus;</span> 
     </span>
    </p>
   </div>
   <div class='ocr_carea' id='block_1_25' title="bbox 2226 1058 3842 1137">
    <p class='ocr_par' dir='ltr' id='par_1_25' title="bbox 2226 1058 3842 1137">
     <span class='ocr_line' id='line_1_25' title="bbox 2226 1058 3842 1137; baseline -0.006 -17"><span class='ocrx_word' id='word_1_142' title='bbox 2226 1065 2374 1137; x_wconf 90' lang='lat' dir='ltr'>quod</span> <span class='ocrx_word' id='word_1_143' title='bbox 2404 1064 2563 1120; x_wconf 89' lang='lat' dir='ltr'>nobis</span> <span class='ocrx_word' id='word_1_144' title='bbox 2598 1062 2759 1119; x_wconf 76' lang='lat' dir='ltr'>beati-</span> <span class='ocrx_word' id='word_1_145' title='bbox 2792 1060 3049 1117; x_wconf 88' lang='lat' dir='ltr'>Germani</span> <span class='ocrx_word' id='word_1_146' title='bbox 3097 1059 3401 1131; x_wconf 73' lang='lat' dir='ltr'>praestitum</span> <span class='ocrx_word' id='word_1_147' title='bbox 3452 1058 3673 1124; x_wconf 89' lang='lat' dir='ltr'>merito,</span> <span class='ocrx_word' id='word_1_148' title='bbox 3726 1072 3842 1111; x_wconf 89' lang='lat' dir='ltr'>non</span> 
     </span>
    </p>
   </div>
   <div class='ocr_carea' id='block_1_26' title="bbox 2226 1151 3844 1228">
    <p class='ocr_par' dir='ltr' id='par_1_26' title="bbox 2226 1151 3844 1228">
     <span class='ocr_line' id='line_1_26' title="bbox 2226 1151 3844 1228; baseline -0.002 -17"><span class='ocrx_word' id='word_1_149' title='bbox 2226 1156 2556 1228; x_wconf 88' lang='lat' dir='ltr'>ambigimus</span> <span class='ocrx_word' id='word_1_150' title='bbox 2589 1173 2602 1223; x_wconf 89' lang='lat'>;</span> <span class='ocrx_word' id='word_1_151' title='bbox 2637 1162 2752 1210; x_wconf 89' lang='lat' dir='ltr'>erat</span> <span class='ocrx_word' id='word_1_152' title='bbox 2780 1154 2926 1210; x_wconf 85' lang='lat' dir='ltr'>enim</span> <span class='ocrx_word' id='word_1_153' title='bbox 2963 1153 3165 1208; x_wconf 89' lang='lat' dir='ltr'>mensis</span> <span class='ocrx_word' id='word_1_154' title='bbox 3202 1168 3398 1208; x_wconf 89' lang='lat' dir='ltr'>nonus.</span> <span class='ocrx_word' id='word_1_155' title='bbox 3451 1151 3657 1206; x_wconf 83' lang='lat' dir='ltr'>Actum</span> <span class='ocrx_word' id='word_1_156' title='bbox 3710 1151 3844 1208; x_wconf 84' lang='lat' dir='ltr'>vico</span> 
     </span>
    </p>
   </div>
   <div class='ocr_carea' id='block_1_27' title="bbox 2226 1240 3844 1314">
    <p class='ocr_par' dir='ltr' id='par_1_27' title="bbox 2226 1240 3844 1314">
     <span class='ocr_line' id='line_1_27' title="bbox 2226 1240 3844 1314; baseline -0.004 -12"><span class='ocrx_word' id='word_1_157' title='bbox 2226 1245 2523 1303; x_wconf 82' lang='lat' dir='ltr'>Musciacas</span> <span class='ocrx_word' id='word_1_158' title='bbox 2552 1244 2589 1301; x_wconf 79' lang='grc'>¹.</span> <span class='ocrx_word' id='word_1_159' title='bbox 2625 1246 2703 1300; x_wconf 87' lang='lat' dir='ltr'>De</span> <span class='ocrx_word' id='word_1_160' title='bbox 2732 1244 2819 1299; x_wconf 90' lang='lat' dir='ltr'>his</span> <span class='ocrx_word' id='word_1_161' title='bbox 2846 1242 3139 1314; x_wconf 80' lang='lat' dir='ltr'>Gregorius</span> <span class='ocrx_word' id='word_1_162' title='bbox 3170 1243 3265 1299; x_wconf 85' lang='lat' dir='ltr'>ita.</span> <span class='ocrx_word' id='word_1_163' title='bbox 3295 1241 3509 1308; x_wconf 86' lang='lat' dir='ltr'>Quibus</span> <span class='ocrx_word' id='word_1_164' title='bbox 3538 1240 3844 1313; x_wconf 66' lang='lat' dir='ltr'>praemissis</span> 
     </span>
    </p>
   </div>
   <div class='ocr_carea' id='block_1_28' title="bbox 2227 1331 3843 1408">
    <p class='ocr_par' dir='ltr' id='par_1_28' title="bbox 2227 1331 3843 1408">
     <span class='ocr_line' id='line_1_28' title="bbox 2227 1331 3843 1408; baseline -0.005 -16"><span class='ocrx_word' id='word_1_165' title='bbox 2227 1336 2294 1392; x_wconf 92' lang='lat' dir='ltr'>ad</span> <span class='ocrx_word' id='word_1_166' title='bbox 2324 1351 2404 1403; x_wconf 90' lang='lat' dir='ltr'>ea,</span> <span class='ocrx_word' id='word_1_167' title='bbox 2438 1352 2557 1407; x_wconf 74' lang='lat' dir='ltr'>quae</span> <span class='ocrx_word' id='word_1_168' title='bbox 2591 1342 2789 1389; x_wconf 72' lang='lat' dir='ltr'>nostras</span> <span class='ocrx_word' id='word_1_169' title='bbox 2825 1334 2911 1388; x_wconf 87' lang='lat' dir='ltr'>vel</span> <span class='ocrx_word' id='word_1_170' title='bbox 2943 1332 3474 1405; x_wconf 90' lang='lat' dir='ltr'>propinquaverunt,</span> <span class='ocrx_word' id='word_1_171' title='bbox 3508 1331 3595 1385; x_wconf 85' lang='lat' dir='ltr'>vel</span> <span class='ocrx_word' id='word_1_172' title='bbox 3618 1345 3843 1408; x_wconf 86' lang='lat' dir='ltr'>_acces-</span> 
     </span>
    </p>
   </div>
   <div class='ocr_carea' id='block_1_29' title="bbox 2228 1420 3839 1495">
    <p class='ocr_par' dir='ltr' id='par_1_29' title="bbox 2228 1420 3839 1495">
     <span class='ocr_line' id='line_1_29' title="bbox 2228 1420 3839 1495; baseline -0.006 -13"><span class='ocrx_word' id='word_1_173' title='bbox 2228 1433 2420 1483; x_wconf 88' lang='lat' dir='ltr'>serunt</span> <span class='ocrx_word' id='word_1_174' title='bbox 2480 1423 2649 1490; x_wconf 71' lang='lat' dir='ltr'>aetati,</span> <span class='ocrx_word' id='word_1_175' title='bbox 2706 1422 2836 1495; x_wconf 85' lang='lat' dir='ltr'>styli</span> <span class='ocrx_word' id='word_1_176' title='bbox 2894 1420 3089 1477; x_wconf 88' lang='lat' dir='ltr'>seriem</span> <span class='ocrx_word' id='word_1_177' title='bbox 3142 1420 3557 1477; x_wconf 82' lang='lat' dir='ltr'>transferamus.</span> <span class='ocrx_word' id='word_1_178' title='bbox 3605 1420 3839 1483; x_wconf 79' lang='lat' dir='ltr'>Verum,</span> 
     </span>
    </p>
   </div>
   <div class='ocr_carea' id='block_1_30' title="bbox 2227 1509 3843 1589">
    <p class='ocr_par' dir='ltr' id='par_1_30' title="bbox 2227 1509 3843 1589">
     <span class='ocr_line' id='line_1_30' title="bbox 2227 1509 3843 1589; baseline -0.005 -18"><span class='ocrx_word' id='word_1_179' title='bbox 2227 1515 2488 1589; x_wconf 90' lang='lat' dir='ltr'>quoniam</span> <span class='ocrx_word' id='word_1_180' title='bbox 2519 1512 2863 1587; x_wconf 87' lang='lat' dir='ltr'>spiritalibus</span> <span class='ocrx_word' id='word_1_181' title='bbox 2915 1509 3188 1583; x_wconf 84' lang='lat' dir='ltr'>spiritalia</span> <span class='ocrx_word' id='word_1_182' title='bbox 3228 1509 3591 1577; x_wconf 88' lang='lat' dir='ltr'>seminantur,</span> <span class='ocrx_word' id='word_1_183' title='bbox 3643 1509 3843 1579; x_wconf 86' lang='lat' dir='ltr'>digni-</span> 
     </span>
    </p>
   </div>
   <div class='ocr_carea' id='block_1_31' title="bbox 2227 1598 3837 1677">
    <p class='ocr_par' dir='ltr' id='par_1_31' title="bbox 2227 1598 3837 1677">
     <span class='ocr_line' id='line_1_31' title="bbox 2227 1598 3837 1677; baseline -0.004 -17"><span class='ocrx_word' id='word_1_184' title='bbox 2227 1612 2416 1677; x_wconf 90' lang='lat' dir='ltr'>tasque</span> <span class='ocrx_word' id='word_1_185' title='bbox 2465 1600 2691 1660; x_wconf 91' lang='lat' dir='ltr'>Domini</span> <span class='ocrx_word' id='word_1_186' title='bbox 2722 1601 2779 1656; x_wconf 91' lang='lat' dir='ltr'>in</span> <span class='ocrx_word' id='word_1_187' title='bbox 2811 1616 3091 1656; x_wconf 84' lang='lat' dir='ltr'>servorum</span> <span class='ocrx_word' id='word_1_188' title='bbox 3142 1598 3411 1672; x_wconf 86' lang='lat' dir='ltr'>probitate</span> <span class='ocrx_word' id='word_1_189' title='bbox 3454 1598 3837 1671; x_wconf 85' lang='lat' dir='ltr'>perpenditur,</span> 
     </span>
    </p>
   </div>
   <div class='ocr_carea' id='block_1_32' title="bbox 586 1679 3840 1782">
    <p class='ocr_par' dir='ltr' id='par_1_32' title="bbox 586 1679 3840 1782">
     <span class='ocr_line' id='line_1_32' title="bbox 586 1679 3840 1782; baseline -0.006 -20"><span class='ocrx_word' id='word_1_190' title='bbox 586 1694 909 1761; x_wconf 54' lang='lat' dir='ltr'>Germanus:</span> <span class='ocrx_word' id='word_1_191' title='bbox 962 1690 1166 1765; x_wconf 55' lang='lat' dir='ltr'>inqu“:</span> <span class='ocrx_word' id='word_1_192' title='bbox 1221 1689 1493 1762; x_wconf 71' lang='grc' dir='ltr'>ειοτίοειιε</span> <span class='ocrx_word' id='word_1_193' title='bbox 1539 1685 1821 1743; x_wconf 64' lang='lat' dir='ltr'>confessor</span> <span class='ocrx_word' id='word_1_194' title='bbox 1873 1681 1933 1737; x_wconf 74' lang='lat' dir='ltr'>in</span> <span class='ocrx_word' id='word_1_195' title='bbox 1979 1679 2116 1735; x_wconf 69' lang='lat' dir='ltr'>urbe</span> <span class='ocrx_word' id='word_1_196' title='bbox 2152 1723 2194 1782; x_wconf 77' lang='grc' dir='ltr'>Β</span> <span class='ocrx_word' id='word_1_197' title='bbox 2230 1692 2433 1749; x_wconf 87' lang='lat' dir='ltr'>rationi</span> <span class='ocrx_word' id='word_1_198' title='bbox 2464 1691 2781 1765; x_wconf 89' lang='lat' dir='ltr'>proximum</span> <span class='ocrx_word' id='word_1_199' title='bbox 2807 1688 2998 1761; x_wconf 89' lang='lat' dir='ltr'>judico</span> <span class='ocrx_word' id='word_1_200' title='bbox 3019 1687 3176 1744; x_wconf 83' lang='lat' dir='ltr'>brevi</span> <span class='ocrx_word' id='word_1_201' title='bbox 3197 1687 3480 1744; x_wconf 91' lang='lat' dir='ltr'>ostendere</span> <span class='ocrx_word' id='word_1_202' title='bbox 3497 1689 3641 1744; x_wconf 88' lang='lat' dir='ltr'>tanti</span> <span class='ocrx_word' id='word_1_203' title='bbox 3664 1689 3840 1745; x_wconf 86' lang='lat' dir='ltr'>Patris</span> 
     </span>
    </p>
   </div>
   <div class='ocr_carea' id='block_1_33' title="bbox 513 1772 2119 1850">
    <p class='ocr_par' dir='ltr' id='par_1_33' title="bbox 513 1772 2119 1850">
     <span class='ocr_line' id='line_1_33' title="bbox 513 1772 2119 1850; baseline -0.011 -9"><span class='ocrx_word' id='word_1_204' title='bbox 513 1785 772 1841; x_wconf 82' lang='lat' dir='ltr'>Ravenna</span> <span class='ocrx_word' id='word_1_205' title='bbox 794 1796 818 1822; x_wconf 74' lang='grc' dir='ltr'>ι</span> <span class='ocrx_word' id='word_1_206' title='bbox 847 1782 1005 1850; x_wconf 90' lang='lat' dir='ltr'>obiit,</span> <span class='ocrx_word' id='word_1_207' title='bbox 1049 1781 1178 1838; x_wconf 89' lang='lat' dir='ltr'>inde</span> <span class='ocrx_word' id='word_1_208' title='bbox 1224 1796 1355 1836; x_wconf 88' lang='lat' dir='ltr'>vero</span> <span class='ocrx_word' id='word_1_209' title='bbox 1386 1778 1617 1843; x_wconf 90' lang='lat' dir='ltr'>levatus,</span> <span class='ocrx_word' id='word_1_210' title='bbox 1657 1780 1781 1847; x_wconf 89' lang='lat' dir='ltr'>post</span> <span class='ocrx_word' id='word_1_211' title='bbox 1807 1772 1925 1828; x_wconf 90' lang='lat' dir='ltr'>dies</span> <span class='ocrx_word' id='word_1_212' title='bbox 1953 1787 2119 1827; x_wconf 83' lang='lat' dir='ltr'>sexa—</span> 
     </span>
    </p>
   </div>
   <div class='ocr_carea' id='block_1_34' title="bbox 514 1862 2119 1944">
    <p class='ocr_par' dir='ltr' id='par_1_34' title="bbox 514 1862 2119 1944">
     <span class='ocr_line' id='line_1_34' title="bbox 514 1862 2119 1944; baseline -0.008 -16"><span class='ocrx_word' id='word_1_213' title='bbox 514 1874 665 1944; x_wconf 80' lang='lat' dir='ltr'>ginta</span> <span class='ocrx_word' id='word_1_214' title='bbox 689 1874 759 1929; x_wconf 88' lang='lat' dir='ltr'>ad</span> <span class='ocrx_word' id='word_1_215' title='bbox 787 1872 1071 1931; x_wconf 90' lang='lat' dir='ltr'>civitatem</span> <span class='ocrx_word' id='word_1_216' title='bbox 1095 1866 1542 1926; x_wconf 87' lang='lat' dir='ltr'>Antissiodorum</span> <span class='ocrx_word' id='word_1_217' title='bbox 1565 1865 1798 1930; x_wconf 88' lang='lat' dir='ltr'>delatus,</span> <span class='ocrx_word' id='word_1_218' title='bbox 1825 1862 2119 1933; x_wconf 65' lang='lat' dir='ltr'>sepulturae</span> 
     </span>
    </p>
   </div>
   <div class='ocr_carea' id='block_1_35' title="bbox 516 1952 2120 2031">
    <p class='ocr_par' dir='ltr' id='par_1_35' title="bbox 516 1952 2120 2031">
     <span class='ocr_line' id='line_1_35' title="bbox 516 1952 2120 2031; baseline -0.006 -15"><span class='ocrx_word' id='word_1_219' title='bbox 516 1964 809 2018; x_wconf 86' lang='lat' dir='ltr'>mandatus</span> <span class='ocrx_word' id='word_1_220' title='bbox 845 1970 946 2017; x_wconf 90' lang='lat' dir='ltr'>est.</span> <span class='ocrx_word' id='word_1_221' title='bbox 996 1962 1262 2031; x_wconf 87' lang='lat' dir='ltr'>Tempore</span> <span class='ocrx_word' id='word_1_222' title='bbox 1309 1966 1492 2013; x_wconf 90' lang='lat' dir='ltr'>autem</span> <span class='ocrx_word' id='word_1_223' title='bbox 1539 1953 1924 2009; x_wconf 70' lang='lat' dir='ltr'>Teudechildae</span> <span class='ocrx_word' id='word_1_224' title='bbox 1966 1952 2120 2022; x_wconf 87' lang='lat' dir='ltr'>regi-</span> 
     </span>
    </p>
   </div>
   <div class='ocr_carea' id='block_1_36' title="bbox 514 2041 2118 2124">
    <p class='ocr_par' dir='ltr' id='par_1_36' title="bbox 514 2041 2118 2124">
     <span class='ocr_line' id='line_1_36' title="bbox 514 2041 2118 2124; baseline -0.01 -12"><span class='ocrx_word' id='word_1_225' title='bbox 514 2072 600 2112; x_wconf 75' lang='lat' dir='ltr'>nae</span> <span class='ocrx_word' id='word_1_226' title='bbox 629 2051 652 2084; x_wconf 69' lang='grc'>⁸³</span> <span class='ocrx_word' id='word_1_227' title='bbox 690 2054 982 2109; x_wconf 90' lang='lat' dir='ltr'>Nonninus</span> <span class='ocrx_word' id='word_1_228' title='bbox 1030 2052 1255 2124; x_wconf 89' lang='lat' dir='ltr'>quidam</span> <span class='ocrx_word' id='word_1_229' title='bbox 1307 2049 1564 2103; x_wconf 86' lang='lat' dir='ltr'>tribunus</span> <span class='ocrx_word' id='word_1_230' title='bbox 1611 2060 1680 2100; x_wconf 86' lang='lat' dir='ltr'>ex</span> <span class='ocrx_word' id='word_1_231' title='bbox 1727 2044 1999 2109; x_wconf 82' lang='lat' dir='ltr'>Arverno,</span> <span class='ocrx_word' id='word_1_232' title='bbox 2050 2041 2118 2096; x_wconf 88' lang='lat' dir='ltr'>de</span> 
     </span>
    </p>
   </div>
   <div class='ocr_carea' id='block_1_37' title="bbox 515 2134 2115 2215">
    <p class='ocr_par' dir='ltr' id='par_1_37' title="bbox 515 2134 2115 2215">
     <span class='ocr_line' id='line_1_37' title="bbox 515 2134 2115 2215; baseline -0.009 -15"><span class='ocrx_word' id='word_1_233' title='bbox 515 2144 767 2212; x_wconf 85' lang='lat' dir='ltr'>Francia,</span> <span class='ocrx_word' id='word_1_234' title='bbox 827 2149 951 2215; x_wconf 91' lang='lat' dir='ltr'>post</span> <span class='ocrx_word' id='word_1_235' title='bbox 1004 2140 1219 2196; x_wconf 87' lang='lat' dir='ltr'>reddita</span> <span class='ocrx_word' id='word_1_236' title='bbox 1273 2137 1476 2209; x_wconf 82' lang='lat' dir='ltr'>reginae</span> <span class='ocrx_word' id='word_1_237' title='bbox 1533 2134 1761 2201; x_wconf 89' lang='lat' dir='ltr'>tributa,</span> <span class='ocrx_word' id='word_1_238' title='bbox 1814 2138 2115 2200; x_wconf 89' lang='lat' dir='ltr'>revertens,</span> 
     </span>
    </p>
   </div>
   <div class='ocr_carea' id='block_1_38' title="bbox 514 2218 2119 2292">
    <p class='ocr_par' dir='ltr' id='par_1_38' title="bbox 514 2218 2119 2292">
     <span class='ocr_line' id='line_1_38' title="bbox 514 2218 2119 2292; baseline -0.009 -5"><span class='ocrx_word' id='word_1_239' title='bbox 514 2230 1051 2287; x_wconf 89' lang='lat' dir='ltr'>Antissiodorensem</span> <span class='ocrx_word' id='word_1_240' title='bbox 1093 2228 1283 2283; x_wconf 89' lang='lat' dir='ltr'>urbem</span> <span class='ocrx_word' id='word_1_241' title='bbox 1332 2225 1491 2292; x_wconf 87' lang='lat' dir='ltr'>adiit,</span> <span class='ocrx_word' id='word_1_242' title='bbox 1541 2239 1703 2281; x_wconf 88' lang='lat' dir='ltr'>causa</span> <span class='ocrx_word' id='word_1_243' title='bbox 1730 2228 1947 2276; x_wconf 89' lang='lat' dir='ltr'>tantum</span> <span class='ocrx_word' id='word_1_244' title='bbox 1977 2218 2119 2275; x_wconf 90' lang='lat' dir='ltr'>reli-</span> 
     </span>
    </p>
   </div>
   <div class='ocr_carea' id='block_1_39' title="bbox 514 2308 2119 2392">
    <p class='ocr_par' dir='ltr' id='par_1_39' title="bbox 514 2308 2119 2392">
     <span class='ocr_line' id='line_1_39' title="bbox 514 2308 2119 2392; baseline -0.009 -16"><span class='ocrx_word' id='word_1_245' title='bbox 514 2319 724 2392; x_wconf 88' lang='lat' dir='ltr'>gionis;</span> <span class='ocrx_word' id='word_1_246' title='bbox 758 2319 1190 2392; x_wconf 87' lang='lat' dir='ltr'>provolutusque</span> <span class='ocrx_word' id='word_1_247' title='bbox 1210 2315 1277 2371; x_wconf 84' lang='lat' dir='ltr'>ad</span> <span class='ocrx_word' id='word_1_248' title='bbox 1304 2312 1608 2371; x_wconf 88' lang='lat' dir='ltr'>beatissimi</span> <span class='ocrx_word' id='word_1_249' title='bbox 1638 2308 1896 2367; x_wconf 86' lang='lat' dir='ltr'>Germani</span> <span class='ocrx_word' id='word_1_250' title='bbox 1927 2309 2119 2380; x_wconf 81' lang='lat' dir='ltr'>sepul-</span> 
     </span>
    </p>
   </div>
   <div class='ocr_carea' id='block_1_40' title="bbox 512 2398 2120 2480">
    <p class='ocr_par' dir='ltr' id='par_1_40' title="bbox 512 2398 2120 2480">
     <span class='ocr_line' id='line_1_40' title="bbox 512 2398 2120 2480; baseline -0.011 -11"><span class='ocrx_word' id='word_1_251' title='bbox 512 2426 690 2480; x_wconf 90' lang='lat' dir='ltr'>crum,</span> <span class='ocrx_word' id='word_1_252' title='bbox 726 2426 851 2469; x_wconf 89' lang='lat' dir='ltr'>cum</span> <span class='ocrx_word' id='word_1_253' title='bbox 887 2407 1199 2466; x_wconf 88' lang='lat' dir='ltr'>diutissime</span> <span class='ocrx_word' id='word_1_254' title='bbox 1246 2411 1472 2472; x_wconf 91' lang='lat' dir='ltr'>orasset,</span> <span class='ocrx_word' id='word_1_255' title='bbox 1514 2408 1762 2458; x_wconf 89' lang='lat' dir='ltr'>extracto</span> <span class='ocrx_word' id='word_1_256' title='bbox 1810 2400 1879 2456; x_wconf 90' lang='lat' dir='ltr'>de</span> <span class='ocrx_word' id='word_1_257' title='bbox 1922 2398 2120 2470; x_wconf 85' lang='lat' dir='ltr'>vagina</span> 
     </span>
    </p>
   </div>
   <div class='ocr_carea' id='block_1_41' title="bbox 512 2493 2119 2575">
    <p class='ocr_par' dir='ltr' id='par_1_41' title="bbox 512 2493 2119 2575">
     <span class='ocr_line' id='line_1_41' title="bbox 512 2493 2119 2575; baseline -0.009 -16"><span class='ocrx_word' id='word_1_258' title='bbox 512 2505 653 2575; x_wconf 89' lang='lat' dir='ltr'>tigre</span> <span class='ocrx_word' id='word_1_259' title='bbox 681 2514 721 2573; x_wconf 72' lang='grc' dir='ltr'>θ,</span> <span class='ocrx_word' id='word_1_260' title='bbox 782 2502 1044 2575; x_wconf 90' lang='lat' dir='ltr'>lapidem,</span> <span class='ocrx_word' id='word_1_261' title='bbox 1095 2499 1189 2573; x_wconf 90' lang='lat' dir='ltr'>qui</span> <span class='ocrx_word' id='word_1_262' title='bbox 1239 2514 1403 2571; x_wconf 90' lang='lat' dir='ltr'>super</span> <span class='ocrx_word' id='word_1_263' title='bbox 1448 2494 1761 2552; x_wconf 88' lang='lat' dir='ltr'>venerabile</span> <span class='ocrx_word' id='word_1_264' title='bbox 1807 2493 2119 2565; x_wconf 90' lang='lat' dir='ltr'>sepulcrum</span> 
     </span>
    </p>
   </div>
   <div class='ocr_carea' id='block_1_42' title="bbox 515 2583 2121 2659">
    <p class='ocr_par' dir='ltr' id='par_1_42' title="bbox 515 2583 2121 2659">
     <span class='ocr_line' id='line_1_42' title="bbox 515 2583 2121 2659; baseline -0.007 -11"><span class='ocrx_word' id='word_1_265' title='bbox 515 2592 836 2659; x_wconf 86' lang='lat' dir='ltr'>habebatur,</span> <span class='ocrx_word' id='word_1_266' title='bbox 861 2594 1081 2646; x_wconf 90' lang='lat' dir='ltr'>nemine</span> <span class='ocrx_word' id='word_1_267' title='bbox 1105 2588 1346 2655; x_wconf 86' lang='lat' dir='ltr'>vidente,</span> <span class='ocrx_word' id='word_1_268' title='bbox 1364 2585 1632 2658; x_wconf 88' lang='lat' dir='ltr'>percussit</span> <span class='ocrx_word' id='word_1_269' title='bbox 1651 2602 1665 2651; x_wconf 90' lang='lat'>;</span> <span class='ocrx_word' id='word_1_270' title='bbox 1685 2583 1751 2639; x_wconf 94' lang='lat' dir='ltr'>de</span> <span class='ocrx_word' id='word_1_271' title='bbox 1764 2599 1872 2655; x_wconf 90' lang='lat' dir='ltr'>quo</span> <span class='ocrx_word' id='word_1_272' title='bbox 1892 2597 2121 2638; x_wconf 87' lang='lat' dir='ltr'>excussa</span> 
     </span>
    </p>
   </div>
   <div class='ocr_carea' id='block_1_43' title="bbox 514 2674 2120 2753">
    <p class='ocr_par' dir='ltr' id='par_1_43' title="bbox 514 2674 2120 2753">
     <span class='ocr_line' id='line_1_43' title="bbox 514 2674 2120 2753; baseline -0.004 -18"><span class='ocrx_word' id='word_1_273' title='bbox 514 2681 790 2753; x_wconf 90' lang='lat' dir='ltr'>particula</span> <span class='ocrx_word' id='word_1_274' title='bbox 831 2679 1069 2748; x_wconf 90' lang='lat' dir='ltr'>modica,</span> <span class='ocrx_word' id='word_1_275' title='bbox 1118 2685 1379 2749; x_wconf 87' lang='lat' dir='ltr'>tanquam</span> <span class='ocrx_word' id='word_1_276' title='bbox 1417 2691 1599 2732; x_wconf 67' lang='lat' dir='ltr'>aeneus</span> <span class='ocrx_word' id='word_1_277' title='bbox 1639 2674 1902 2746; x_wconf 82' lang='lat' dir='ltr'>diriguit;</span> <span class='ocrx_word' id='word_1_278' title='bbox 1944 2675 2022 2729; x_wconf 92' lang='lat' dir='ltr'>ita</span> <span class='ocrx_word' id='word_1_279' title='bbox 2057 2682 2120 2730; x_wconf 90' lang='lat' dir='ltr'>ut</span> 
     </span>
    </p>
   </div>
   <div class='ocr_carea' id='block_1_44' title="bbox 515 2763 2120 2837">
    <p class='ocr_par' dir='ltr' id='par_1_44' title="bbox 515 2763 2120 2837">
     <span class='ocr_line' id='line_1_44' title="bbox 515 2763 2120 2837; baseline -0.002 -15"><span class='ocrx_word' id='word_1_280' title='bbox 515 2769 732 2823; x_wconf 87' lang='lat' dir='ltr'>nullum</span> <span class='ocrx_word' id='word_1_281' title='bbox 764 2768 1073 2822; x_wconf 90' lang='lat' dir='ltr'>membrum</span> <span class='ocrx_word' id='word_1_282' title='bbox 1117 2773 1300 2837; x_wconf 89' lang='lat' dir='ltr'>posset</span> <span class='ocrx_word' id='word_1_283' title='bbox 1338 2765 1614 2821; x_wconf 90' lang='lat' dir='ltr'>ullatenus</span> <span class='ocrx_word' id='word_1_284' title='bbox 1642 2764 1923 2820; x_wconf 89' lang='lat' dir='ltr'>vindicare</span> <span class='ocrx_word' id='word_1_285' title='bbox 1954 2763 1999 2832; x_wconf 72' lang='grc' dir='ltr'>ά,</span> <span class='ocrx_word' id='word_1_286' title='bbox 2026 2771 2120 2819; x_wconf 91' lang='lat' dir='ltr'>aut</span> 
     </span>
    </p>
   </div>
   <div class='ocr_carea' id='block_1_45' title="bbox 518 2854 2119 2930">
    <p class='ocr_par' dir='ltr' id='par_1_45' title="bbox 518 2854 2119 2930">
     <span class='ocr_line' id='line_1_45' title="bbox 518 2854 2119 2930; baseline -0.001 -20"><span class='ocrx_word' id='word_1_287' title='bbox 518 2872 707 2913; x_wconf 89' lang='lat' dir='ltr'>vocem</span> <span class='ocrx_word' id='word_1_288' title='bbox 730 2856 1000 2912; x_wconf 90' lang='lat' dir='ltr'>emittere.</span> <span class='ocrx_word' id='word_1_289' title='bbox 1033 2854 1299 2910; x_wconf 81' lang='lat' dir='ltr'>Videntes</span> <span class='ocrx_word' id='word_1_290' title='bbox 1328 2861 1509 2907; x_wconf 90' lang='lat' dir='ltr'>autem</span> <span class='ocrx_word' id='word_1_291' title='bbox 1537 2870 1658 2909; x_wconf 90' lang='lat' dir='ltr'>eum</span> <span class='ocrx_word' id='word_1_292' title='bbox 1687 2855 1843 2926; x_wconf 91' lang='lat' dir='ltr'>pueri</span> <span class='ocrx_word' id='word_1_293' title='bbox 1861 2854 1942 2910; x_wconf 88' lang='lat' dir='ltr'>sic</span> <span class='ocrx_word' id='word_1_294' title='bbox 1962 2854 2119 2930; x_wconf 65' lang='lat' dir='ltr'>humi</span> 
     </span>
    </p>
   </div>
   <div class='ocr_carea' id='block_1_46' title="bbox 511 2942 2120 3020">
    <p class='ocr_par' dir='ltr' id='par_1_46' title="bbox 511 2942 2120 3020">
     <span class='ocr_line' id='line_1_46' title="bbox 511 2942 2120 3020; baseline -0.001 -18"><span class='ocrx_word' id='word_1_295' title='bbox 511 2947 713 3020; x_wconf 85' lang='lat' dir='ltr'>jacere,</span> <span class='ocrx_word' id='word_1_296' title='bbox 747 2944 1065 3003; x_wconf 87' lang='lat' dir='ltr'>nesciebant</span> <span class='ocrx_word' id='word_1_297' title='bbox 1093 2943 1227 3017; x_wconf 92' lang='lat' dir='ltr'>quid</span> <span class='ocrx_word' id='word_1_298' title='bbox 1256 2942 1306 2999; x_wconf 91' lang='lat' dir='ltr'>ei</span> <span class='ocrx_word' id='word_1_299' title='bbox 1337 2945 1609 2999; x_wconf 88' lang='lat' dir='ltr'>evenisset</span> <span class='ocrx_word' id='word_1_300' title='bbox 1641 2962 1655 2999; x_wconf 90' lang='lat'><strong>:</strong></span> <span class='ocrx_word' id='word_1_301' title='bbox 1687 2945 1950 3001; x_wconf 88' lang='lat' dir='ltr'>accedens</span> <span class='ocrx_word' id='word_1_302' title='bbox 1989 2963 2120 3001; x_wconf 85' lang='lat' dir='ltr'>vero</span> 
     </span>
    </p>
   </div>
   <div class='ocr_carea' id='block_1_47' title="bbox 517 3031 2118 3103">
    <p class='ocr_par' dir='ltr' id='par_1_47' title="bbox 517 3031 2118 3103">
     <span class='ocr_line' id='line_1_47' title="bbox 517 3031 2118 3103; baseline -0.001 -11"><span class='ocrx_word' id='word_1_303' title='bbox 517 3043 662 3092; x_wconf 83' lang='lat' dir='ltr'>unus</span> <span class='ocrx_word' id='word_1_304' title='bbox 705 3050 917 3103; x_wconf 87' lang='lat' dir='ltr'>eorum,</span> <span class='ocrx_word' id='word_1_305' title='bbox 971 3050 1096 3092; x_wconf 92' lang='lat' dir='ltr'>cum</span> <span class='ocrx_word' id='word_1_306' title='bbox 1154 3048 1278 3088; x_wconf 90' lang='lat' dir='ltr'>eum</span> <span class='ocrx_word' id='word_1_307' title='bbox 1324 3031 1744 3103; x_wconf 89' lang='lat' dir='ltr'>interpellasset,</span> <span class='ocrx_word' id='word_1_308' title='bbox 1783 3034 2001 3089; x_wconf 91' lang='lat' dir='ltr'>nullum</span> <span class='ocrx_word' id='word_1_309' title='bbox 2049 3035 2118 3090; x_wconf 92' lang='lat' dir='ltr'>ab</span> 
     </span>
    </p>
   </div>
   <div class='ocr_carea' id='block_1_48' title="bbox 516 3121 2113 3197">
    <p class='ocr_par' dir='ltr' id='par_1_48' title="bbox 516 3121 2113 3197">
     <span class='ocr_line' id='line_1_48' title="bbox 516 3121 2113 3197; baseline -0.004 -13"><span class='ocrx_word' id='word_1_310' title='bbox 516 3128 706 3185; x_wconf 89' lang='lat' dir='ltr'>eodem</span> <span class='ocrx_word' id='word_1_311' title='bbox 737 3140 1058 3197; x_wconf 90' lang='lat' dir='ltr'>responsum</span> <span class='ocrx_word' id='word_1_312' title='bbox 1080 3122 1306 3194; x_wconf 88' lang='lat' dir='ltr'>accepit.</span> <span class='ocrx_word' id='word_1_313' title='bbox 1333 3121 1470 3176; x_wconf 90' lang='lat' dir='ltr'>Tum</span> <span class='ocrx_word' id='word_1_314' title='bbox 1503 3121 1617 3191; x_wconf 86' lang='lat' dir='ltr'>ille,</span> <span class='ocrx_word' id='word_1_315' title='bbox 1648 3129 1709 3177; x_wconf 90' lang='lat' dir='ltr'>ut</span> <span class='ocrx_word' id='word_1_316' title='bbox 1737 3130 1853 3178; x_wconf 89' lang='lat' dir='ltr'>erat</span> <span class='ocrx_word' id='word_1_317' title='bbox 1882 3122 2113 3195; x_wconf 89' lang='lat' dir='ltr'>rigidus,</span> 
     </span>
    </p>
   </div>
   <div class='ocr_carea' id='block_1_49' title="bbox 518 3211 2114 3286">
    <p class='ocr_par' dir='ltr' id='par_1_49' title="bbox 518 3211 2114 3286">
     <span class='ocr_line' id='line_1_49' title="bbox 518 3211 2114 3286; baseline -0.001 -13"><span class='ocrx_word' id='word_1_318' title='bbox 518 3218 575 3272; x_wconf 84' lang='lat' dir='ltr'>in</span> <span class='ocrx_word' id='word_1_319' title='bbox 605 3215 769 3273; x_wconf 88' lang='lat' dir='ltr'>corde</span> <span class='ocrx_word' id='word_1_320' title='bbox 795 3230 895 3270; x_wconf 91' lang='lat' dir='ltr'>suo</span> <span class='ocrx_word' id='word_1_321' title='bbox 925 3212 1240 3286; x_wconf 88' lang='lat' dir='ltr'>intelligens</span> <span class='ocrx_word' id='word_1_322' title='bbox 1265 3229 1320 3268; x_wconf 92' lang='lat' dir='ltr'>se</span> <span class='ocrx_word' id='word_1_323' title='bbox 1346 3211 1687 3282; x_wconf 88' lang='lat' dir='ltr'>damnatum,</span> <span class='ocrx_word' id='word_1_324' title='bbox 1718 3222 1910 3271; x_wconf 82' lang='lat' dir='ltr'>votum</span> <span class='ocrx_word' id='word_1_325' title='bbox 1938 3215 2114 3285; x_wconf 88' lang='lat' dir='ltr'>vovit,</span> 
     </span>
    </p>
   </div>
   <div class='ocr_carea' id='block_1_50' title="bbox 517 3303 2119 3375">
    <p class='ocr_par' dir='ltr' id='par_1_50' title="bbox 517 3303 2119 3375">
     <span class='ocr_line' id='line_1_50' title="bbox 517 3303 2119 3375; baseline -0.002 -12"><span class='ocrx_word' id='word_1_326' title='bbox 517 3306 706 3364; x_wconf 86' lang='lat' dir='ltr'>dicens</span> <span class='ocrx_word' id='word_1_327' title='bbox 740 3324 750 3361; x_wconf 93' lang='lat'>:</span> <span class='ocrx_word' id='word_1_328' title='bbox 785 3304 911 3362; x_wconf 90' lang='lat' dir='ltr'>Scio</span> <span class='ocrx_word' id='word_1_329' title='bbox 939 3319 1025 3359; x_wconf 90' lang='lat' dir='ltr'>me</span> <span class='ocrx_word' id='word_1_330' title='bbox 1055 3311 1548 3375; x_wconf 69' lang='lat' dir='ltr'>praesumptuosum</span> <span class='ocrx_word' id='word_1_331' title='bbox 1581 3303 1876 3373; x_wconf 88' lang='lat' dir='ltr'>exstitisse,</span> <span class='ocrx_word' id='word_1_332' title='bbox 1910 3304 2119 3360; x_wconf 84' lang='lat' dir='ltr'>beatis-</span> 
     </span>
    </p>
   </div>
   <div class='ocr_carea' id='block_1_51' title="bbox 520 3396 2115 3472">
    <p class='ocr_par' dir='ltr' id='par_1_51' title="bbox 520 3396 2115 3472">
     <span class='ocr_line' id='line_1_51' title="bbox 520 3396 2115 3472; baseline 0 -16"><span class='ocrx_word' id='word_1_333' title='bbox 520 3401 657 3456; x_wconf 88' lang='lat' dir='ltr'>sime</span> <span class='ocrx_word' id='word_1_334' title='bbox 684 3399 996 3466; x_wconf 88' lang='lat' dir='ltr'>confessor;</span> <span class='ocrx_word' id='word_1_335' title='bbox 1031 3396 1125 3454; x_wconf 92' lang='lat' dir='ltr'>sed</span> <span class='ocrx_word' id='word_1_336' title='bbox 1151 3396 1373 3453; x_wconf 86' lang='lat' dir='ltr'>devotio</span> <span class='ocrx_word' id='word_1_337' title='bbox 1399 3398 1581 3469; x_wconf 78' lang='lat' dir='ltr'>exegit</span> <span class='ocrx_word' id='word_1_338' title='bbox 1609 3406 1671 3454; x_wconf 91' lang='lat' dir='ltr'>ut</span> <span class='ocrx_word' id='word_1_339' title='bbox 1692 3414 2076 3472; x_wconf 84' lang='lat' dir='ltr'>praesumerem</span> <span class='ocrx_word' id='word_1_340' title='bbox 2102 3419 2115 3468; x_wconf 92' lang='lat'>;</span> 
     </span>
    </p>
   </div>
   <div class='ocr_carea' id='block_1_52' title="bbox 520 3485 2120 3565">
    <p class='ocr_par' dir='ltr' id='par_1_52' title="bbox 520 3485 2120 3565">
     <span class='ocr_line' id='line_1_52' title="bbox 520 3485 2120 3565; baseline 0.001 -20"><span class='ocrx_word' id='word_1_341' title='bbox 520 3496 574 3545; x_wconf 89' lang='lat' dir='ltr'>et</span> <span class='ocrx_word' id='word_1_342' title='bbox 599 3489 744 3558; x_wconf 90' lang='lat' dir='ltr'>ideo,</span> <span class='ocrx_word' id='word_1_343' title='bbox 779 3488 823 3544; x_wconf 93' lang='lat' dir='ltr'>si</span> <span class='ocrx_word' id='word_1_344' title='bbox 855 3504 941 3543; x_wconf 91' lang='lat' dir='ltr'>me</span> <span class='ocrx_word' id='word_1_345' title='bbox 967 3486 1212 3558; x_wconf 84' lang='lat' dir='ltr'>dignaris</span> <span class='ocrx_word' id='word_1_346' title='bbox 1232 3485 1533 3565; x_wconf 87' lang='lat' dir='ltr'>absolvere,</span> <span class='ocrx_word' id='word_1_347' title='bbox 1566 3495 1620 3544; x_wconf 90' lang='lat' dir='ltr'>et</span> <span class='ocrx_word' id='word_1_348' title='bbox 1648 3489 1716 3544; x_wconf 91' lang='lat' dir='ltr'>ad</span> <span class='ocrx_word' id='word_1_349' title='bbox 1747 3491 1968 3562; x_wconf 89' lang='lat' dir='ltr'>propria</span> <span class='ocrx_word' id='word_1_350' title='bbox 1996 3508 2120 3547; x_wconf 91' lang='lat' dir='ltr'>cum</span> 
     </span>
    </p>
   </div>
   <div class='ocr_carea' id='block_1_53' title="bbox 520 3576 2122 3653">
    <p class='ocr_par' dir='ltr' id='par_1_53' title="bbox 520 3576 2122 3653">
     <span class='ocr_line' id='line_1_53' title="bbox 520 3576 2122 3653; baseline 0.001 -18"><span class='ocrx_word' id='word_1_351' title='bbox 520 3588 616 3635; x_wconf 92' lang='lat' dir='ltr'>tua</span> <span class='ocrx_word' id='word_1_352' title='bbox 646 3579 818 3650; x_wconf 84' lang='lat' dir='ltr'>gratia</span> <span class='ocrx_word' id='word_1_353' title='bbox 840 3576 1017 3633; x_wconf 89' lang='lat' dir='ltr'>redire</span> <span class='ocrx_word' id='word_1_354' title='bbox 1042 3576 1374 3649; x_wconf 88' lang='lat' dir='ltr'>permiseris,</span> <span class='ocrx_word' id='word_1_355' title='bbox 1408 3577 1465 3632; x_wconf 92' lang='lat' dir='ltr'>in</span> <span class='ocrx_word' id='word_1_356' title='bbox 1486 3578 1713 3634; x_wconf 89' lang='lat' dir='ltr'>basilica</span> <span class='ocrx_word' id='word_1_357' title='bbox 1737 3578 1833 3635; x_wconf 89' lang='lat' dir='ltr'>bas</span> <span class='ocrx_word' id='word_1_358' title='bbox 1863 3581 2122 3653; x_wconf 90' lang='lat' dir='ltr'>reliquias</span> 
     </span>
    </p>
   </div>
   <div class='ocr_carea' id='block_1_54' title="bbox 521 3666 2121 3741">
    <p class='ocr_par' dir='ltr' id='par_1_54' title="bbox 521 3666 2121 3741">
     <span class='ocr_line' id='line_1_54' title="bbox 521 3666 2121 3741; baseline 0 -17"><span class='ocrx_word' id='word_1_359' title='bbox 521 3668 783 3735; x_wconf 87' lang='lat' dir='ltr'>condens,</span> <span class='ocrx_word' id='word_1_360' title='bbox 816 3666 1176 3723; x_wconf 86' lang='lat' dir='ltr'>festivitatem</span> <span class='ocrx_word' id='word_1_361' title='bbox 1207 3675 1355 3722; x_wconf 89' lang='lat' dir='ltr'>tuam</span> <span class='ocrx_word' id='word_1_362' title='bbox 1383 3666 1738 3723; x_wconf 89' lang='lat' dir='ltr'>devotissime</span> <span class='ocrx_word' id='word_1_363' title='bbox 1757 3668 1918 3723; x_wconf 88' lang='lat' dir='ltr'>annis</span> <span class='ocrx_word' id='word_1_364' title='bbox 1941 3670 2121 3741; x_wconf 89' lang='lat' dir='ltr'>singu-</span> 
     </span>
    </p>
   </div>
   <div class='ocr_carea' id='block_1_55' title="bbox 520 3754 2126 3827">
    <p class='ocr_par' dir='ltr' id='par_1_55' title="bbox 520 3754 2126 3827">
     <span class='ocr_line' id='line_1_55' title="bbox 520 3754 2126 3827; baseline -0.001 -12"><span class='ocrx_word' id='word_1_365' title='bbox 520 3759 613 3823; x_wconf 28' lang='lat' dir='ltr'>lis.</span> <span class='ocrx_word' id='word_1_366' title='bbox 638 3757 915 3815; x_wconf 86' lang='lat' dir='ltr'>celebrare</span> <span class='ocrx_word' id='word_1_367' title='bbox 961 3754 1182 3814; x_wconf 88' lang='lat' dir='ltr'>curabo.</span> <span class='ocrx_word' id='word_1_368' title='bbox 1230 3754 1399 3827; x_wconf 90' lang='lat' dir='ltr'>Cujus</span> <span class='ocrx_word' id='word_1_369' title='bbox 1446 3756 1691 3812; x_wconf 89' lang='lat' dir='ltr'>clausum</span> <span class='ocrx_word' id='word_1_370' title='bbox 1742 3773 1992 3813; x_wconf 86' lang='lat' dir='ltr'>murmur</span> <span class='ocrx_word' id='word_1_371' title='bbox 2037 3760 2126 3814; x_wconf 90' lang='lat' dir='ltr'>vir</span> 
     </span>
    </p>
   </div>
   <div class='ocr_carea' id='block_1_56' title="bbox 522 3843 2124 3917">
    <p class='ocr_par' dir='ltr' id='par_1_56' title="bbox 522 3843 2124 3917">
     <span class='ocr_line' id='line_1_56' title="bbox 522 3843 2124 3917; baseline 0 -14"><span class='ocrx_word' id='word_1_372' title='bbox 522 3855 743 3904; x_wconf 90' lang='lat' dir='ltr'>sanctus</span> <span class='ocrx_word' id='word_1_373' title='bbox 774 3846 1109 3916; x_wconf 87' lang='lat' dir='ltr'>intelligens,</span> <span class='ocrx_word' id='word_1_374' title='bbox 1150 3860 1274 3899; x_wconf 91' lang='lat' dir='ltr'>eum</span> <span class='ocrx_word' id='word_1_375' title='bbox 1304 3843 1541 3898; x_wconf 88' lang='lat' dir='ltr'>absolvit</span> <span class='ocrx_word' id='word_1_376' title='bbox 1580 3851 1634 3898; x_wconf 91' lang='lat' dir='ltr'>et</span> <span class='ocrx_word' id='word_1_377' title='bbox 1676 3844 1825 3899; x_wconf 90' lang='lat' dir='ltr'>abire</span> <span class='ocrx_word' id='word_1_378' title='bbox 1874 3846 2124 3917; x_wconf 79' lang='lat' dir='ltr'>permisit</span> 
     </span>
    </p>
   </div>
   <div class='ocr_carea' id='block_1_57' title="bbox 527 3931 2127 4003">
    <p class='ocr_par' dir='ltr' id='par_1_57' title="bbox 527 3931 2127 4003">
     <span class='ocr_line' id='line_1_57' title="bbox 527 3931 2127 4003; baseline 0.002 -12"><span class='ocrx_word' id='word_1_379' title='bbox 527 3937 882 3992; x_wconf 89' lang='lat' dir='ltr'>incolumem.</span> <span class='ocrx_word' id='word_1_380' title='bbox 928 3933 1036 3998; x_wconf 88' lang='lat' dir='ltr'>Qui</span> <span class='ocrx_word' id='word_1_381' title='bbox 1083 3932 1332 3997; x_wconf 86' lang='lat' dir='ltr'>veniens,</span> <span class='ocrx_word' id='word_1_382' title='bbox 1364 3931 1623 4003; x_wconf 90' lang='lat' dir='ltr'>reliquias</span> <span class='ocrx_word' id='word_1_383' title='bbox 1653 3932 1778 3988; x_wconf 90' lang='lat' dir='ltr'>illas</span> <span class='ocrx_word' id='word_1_384' title='bbox 1808 3933 1867 3989; x_wconf 93' lang='lat' dir='ltr'>in</span> <span class='ocrx_word' id='word_1_385' title='bbox 1896 3936 2127 3994; x_wconf 90' lang='lat' dir='ltr'>ecclesia</span> 
     </span>
    </p>
   </div>
   <div class='ocr_carea' id='block_1_58' title="bbox 597 4018 2125 4092">
    <p class='ocr_par' dir='ltr' id='par_1_58' title="bbox 597 4018 2125 4092">
     <span class='ocr_line' id='line_1_58' title="bbox 597 4018 2125 4092; baseline 0.003 -15"><span class='ocrx_word' id='word_1_386' title='bbox 597 4051 618 4077; x_wconf 84' lang='grc' dir='ltr'>ι</span> <span class='ocrx_word' id='word_1_387' title='bbox 649 4022 738 4076; x_wconf 92' lang='lat' dir='ltr'>Sic</span> <span class='ocrx_word' id='word_1_388' title='bbox 770 4022 956 4077; x_wconf 87' lang='lat' dir='ltr'>omnia</span> <span class='ocrx_word' id='word_1_389' title='bbox 986 4026 1171 4092; x_wconf 85' lang='lat' dir='ltr'>nostra</span> <span class='ocrx_word' id='word_1_390' title='bbox 1201 4035 1330 4092; x_wconf 81' lang='lat' dir='ltr'>mss.</span> <span class='ocrx_word' id='word_1_391' title='bbox 1369 4018 1531 4091; x_wconf 86' lang='lat' dir='ltr'>Apud</span> <span class='ocrx_word' id='word_1_392' title='bbox 1565 4020 1741 4092; x_wconf 91' lang='lat' dir='ltr'>ipsum</span> <span class='ocrx_word' id='word_1_393' title='bbox 1770 4030 1953 4080; x_wconf 89' lang='lat' dir='ltr'>tamen</span> <span class='ocrx_word' id='word_1_394' title='bbox 1982 4024 2125 4083; x_wconf 89' lang='lat' dir='ltr'>Gre-</span> 
     </span>
    </p>
   </div>
   <div class='ocr_carea' id='block_1_59' title="bbox 528 4090 2125 4167">
    <p class='ocr_par' dir='ltr' id='par_1_59' title="bbox 528 4090 2125 4167">
     <span class='ocr_line' id='line_1_59' title="bbox 528 4090 2125 4167; baseline 0.004 -20"><span class='ocrx_word' id='word_1_395' title='bbox 528 4093 843 4167; x_wconf 77' lang='lat' dir='ltr'>goriumde</span> <span class='ocrx_word' id='word_1_396' title='bbox 873 4090 1485 4167; x_wconf 83' lang='lat' dir='ltr'>Gloria_confesso_rum,</span> <span class='ocrx_word' id='word_1_397' title='bbox 1532 4090 1650 4167; x_wconf 58' lang='lat' dir='ltr'>cap.</span> <span class='ocrx_word' id='word_1_398' title='bbox 1706 4093 1793 4162; x_wconf 78' lang='grc'>41,</span> <span class='ocrx_word' id='word_1_399' title='bbox 1844 4097 1991 4167; x_wconf 92' lang='lat' dir='ltr'>quod</span> <span class='ocrx_word' id='word_1_400' title='bbox 2035 4097 2125 4154; x_wconf 91' lang='lat' dir='ltr'>hic</span> 
     </span>
    </p>
   </div>
   <div class='ocr_carea' id='block_1_60' title="bbox 528 4162 2122 4238">
    <p class='ocr_par' dir='ltr' id='par_1_60' title="bbox 528 4162 2122 4238">
     <span class='ocr_line' id='line_1_60' title="bbox 528 4162 2122 4238; baseline 0.003 -18"><span class='ocrx_word' id='word_1_401' title='bbox 528 4162 882 4238; x_wconf 79' lang='lat' dir='ltr'>exscribitur,</span> <span class='ocrx_word' id='word_1_402' title='bbox 914 4178 1012 4238; x_wconf 81' lang='lat' dir='ltr'>pro</span> <span class='ocrx_word' id='word_1_403' title='bbox 1042 4162 1537 4238; x_wconf 71' lang='lat' dir='ltr'>Raven_na__legitur</span> <span class='ocrx_word' id='word_1_404' title='bbox 1575 4162 1786 4238; x_wconf 81' lang='lat' dir='ltr'>Roma_;</span> <span class='ocrx_word' id='word_1_405' title='bbox 1814 4162 1921 4238; x_wconf 74' lang='lat' dir='ltr'>sed</span> <span class='ocrx_word' id='word_1_406' title='bbox 1963 4171 2122 4238; x_wconf 89' lang='lat' dir='ltr'>male,</span> 
     </span>
    </p>
   </div>
   <div class='ocr_carea' id='block_1_61' title="bbox 528 4232 1873 4306">
    <p class='ocr_par' dir='ltr' id='par_1_61' title="bbox 528 4232 1873 4306">
     <span class='ocr_line' id='line_1_61' title="bbox 528 4232 1873 4306; baseline 0.001 -15"><span class='ocrx_word' id='word_1_407' title='bbox 528 4236 719 4291; x_wconf 76' lang='lat' dir='ltr'>saltem</span> <span class='ocrx_word' id='word_1_408' title='bbox 750 4234 803 4290; x_wconf 90' lang='lat' dir='ltr'>in</span> <span class='ocrx_word' id='word_1_409' title='bbox 832 4232 1105 4306; x_wconf 72' lang='lat' dir='ltr'>plerisque</span> <span class='ocrx_word' id='word_1_410' title='bbox 1133 4232 1418 4306; x_wconf 85' lang='lat' dir='ltr'>codicibus</span> <span class='ocrx_word' id='word_1_411' title='bbox 1447 4250 1575 4306; x_wconf 82' lang='lat' dir='ltr'>mss.</span> <span class='ocrx_word' id='word_1_412' title='bbox 1610 4242 1664 4290; x_wconf 88' lang='lat' dir='ltr'>et</span> <span class='ocrx_word' id='word_1_413' title='bbox 1692 4236 1873 4292; x_wconf 89' lang='lat' dir='ltr'>editis.</span> 
     </span>
    </p>
   </div>
   <div class='ocr_carea' id='block_1_62' title="bbox 599 4304 2127 4378">
    <p class='ocr_par' dir='ltr' id='par_1_62' title="bbox 599 4304 2127 4378">
     <span class='ocr_line' id='line_1_62' title="bbox 599 4304 2127 4378; baseline 0.002 -16"><span class='ocrx_word' id='word_1_414' title='bbox 599 4331 623 4367; x_wconf 80' lang='grc' dir='ltr'>ι,</span> <span class='ocrx_word' id='word_1_415' title='bbox 666 4304 1274 4378; x_wconf 48' lang='lat' dir='ltr'>Teudechildw&#39;reginw;</span> <span class='ocrx_word' id='word_1_416' title='bbox 1303 4319 1423 4378; x_wconf 77' lang='lat' dir='ltr'>non</span> <span class='ocrx_word' id='word_1_417' title='bbox 1448 4304 1621 4373; x_wconf 86' lang='lat' dir='ltr'>illius,</span> <span class='ocrx_word' id='word_1_418' title='bbox 1655 4322 1839 4378; x_wconf 88' lang='lat' dir='ltr'>quam,</span> <span class='ocrx_word' id='word_1_419' title='bbox 1880 4316 1942 4363; x_wconf 89' lang='lat' dir='ltr'>ut</span> <span class='ocrx_word' id='word_1_420' title='bbox 1992 4310 2127 4366; x_wconf 86' lang='lat' dir='ltr'>alias</span> 
     </span>
    </p>
   </div>
   <div class='ocr_carea' id='block_1_63' title="bbox 526 4374 2123 4453">
    <p class='ocr_par' dir='ltr' id='par_1_63' title="bbox 526 4374 2123 4453">
     <span class='ocr_line' id='line_1_63' title="bbox 526 4374 2123 4453; baseline 0.003 -20"><span class='ocrx_word' id='word_1_421' title='bbox 526 4379 729 4453; x_wconf 67' lang='lat' dir='ltr'>plures,</span> <span class='ocrx_word' id='word_1_422' title='bbox 790 4393 860 4432; x_wconf 89' lang='lat' dir='ltr'>ex</span> <span class='ocrx_word' id='word_1_423' title='bbox 913 4376 1112 4453; x_wconf 82' lang='lat' dir='ltr'>humili</span> <span class='ocrx_word' id='word_1_424' title='bbox 1148 4374 1574 4453; x_wconf 68' lang='lat' dir='ltr'>locosublatam</span> <span class='ocrx_word' id='word_1_425' title='bbox 1607 4374 1863 4453; x_wconf 70' lang='lat' dir='ltr'>legitimae</span> <span class='ocrx_word' id='word_1_426' title='bbox 1897 4380 2123 4453; x_wconf 23' lang='lat' dir='ltr'>Aconjugi</span> 
     </span>
    </p>
   </div>
   <div class='ocr_carea' id='block_1_64' title="bbox 529 4445 2386 4519">
    <p class='ocr_par' dir='ltr' id='par_1_64' title="bbox 529 4445 2386 4519">
     <span class='ocr_line' id='line_1_64' title="bbox 529 4445 2386 4519; baseline 0.005 -15"><span class='ocrx_word' id='word_1_427' title='bbox 529 4445 838 4519; x_wconf 75' lang='lat' dir='ltr'>lngobergae</span> <span class='ocrx_word' id='word_1_428' title='bbox 907 4445 1296 4519; x_wconf 77' lang='lat' dir='ltr'>superinduxit</span> <span class='ocrx_word' id='word_1_429' title='bbox 1356 4445 1730 4515; x_wconf 80' lang='lat' dir='ltr'>Chariberttis,</span> <span class='ocrx_word' id='word_1_430' title='bbox 1788 4445 2119 4508; x_wconf 75' lang='lat' dir='ltr'>Parisioran</span> <span class='ocrx_word' id='word_1_431' title='bbox 2152 4446 2200 4504; x_wconf 91' lang='lat' dir='ltr'>D</span> <span class='ocrx_word' id='word_1_432' title='bbox 2231 4458 2386 4513; x_wconf 78' lang='lat' dir='ltr'>Avito</span> 
     </span>
    </p>
   </div>
   <div class='ocr_carea' id='block_1_65' title="bbox 528 4516 2117 4593">
    <p class='ocr_par' dir='ltr' id='par_1_65' title="bbox 528 4516 2117 4593">
     <span class='ocr_line' id='line_1_65' title="bbox 528 4516 2117 4593; baseline 0.003 -19"><span class='ocrx_word' id='word_1_433' title='bbox 528 4516 647 4586; x_wconf 76' lang='lat' dir='ltr'>rex,</span> <span class='ocrx_word' id='word_1_434' title='bbox 681 4516 948 4593; x_wconf 74' lang='lat' dir='ltr'>Clotharii</span> <span class='ocrx_word' id='word_1_435' title='bbox 974 4516 1151 4593; x_wconf 67' lang='lat' dir='ltr'>primi</span> <span class='ocrx_word' id='word_1_436' title='bbox 1168 4516 1335 4593; x_wconf 78' lang='lat' dir='ltr'>ﬁlius,</span> <span class='ocrx_word' id='word_1_437' title='bbox 1368 4518 1644 4593; x_wconf 47' lang='grc' dir='ltr'>θυμω-ξω</span> <span class='ocrx_word' id='word_1_438' title='bbox 1674 4520 1787 4593; x_wconf 86' lang='lat' dir='ltr'>vita</span> <span class='ocrx_word' id='word_1_439' title='bbox 1808 4520 2117 4593; x_wconf 90' lang='lat' dir='ltr'>defunctus,</span> 
     </span>
    </p>
   </div>
   <div class='ocr_carea' id='block_1_66' title="bbox 529 4587 2123 4663">
    <p class='ocr_par' dir='ltr' id='par_1_66' title="bbox 529 4587 2123 4663">
     <span class='ocr_line' id='line_1_66' title="bbox 529 4587 2123 4663; baseline 0.003 -18"><span class='ocrx_word' id='word_1_440' title='bbox 529 4599 584 4646; x_wconf 85' lang='lat' dir='ltr'>et</span> <span class='ocrx_word' id='word_1_441' title='bbox 610 4593 677 4647; x_wconf 87' lang='lat' dir='ltr'>de</span> <span class='ocrx_word' id='word_1_442' title='bbox 707 4607 813 4663; x_wconf 83' lang='lat' dir='ltr'>qua</span> <span class='ocrx_word' id='word_1_443' title='bbox 839 4587 996 4661; x_wconf 79' lang='lat' dir='ltr'>plura</span> <span class='ocrx_word' id='word_1_444' title='bbox 1023 4588 1077 4643; x_wconf 91' lang='lat' dir='ltr'>S.</span> <span class='ocrx_word' id='word_1_445' title='bbox 1112 4587 1405 4663; x_wconf 65' lang='lat' dir='ltr'>Gregorius</span> <span class='ocrx_word' id='word_1_446' title='bbox 1432 4587 1492 4642; x_wconf 91' lang='lat' dir='ltr'>in</span> <span class='ocrx_word' id='word_1_447' title='bbox 1522 4589 1762 4663; x_wconf 78' lang='lat' dir='ltr'>Historia</span> <span class='ocrx_word' id='word_1_448' title='bbox 1799 4608 1894 4647; x_wconf 90' lang='lat' dir='ltr'>sua</span> <span class='ocrx_word' id='word_1_449' title='bbox 1943 4587 2123 4649; x_wconf 54' lang='lat' dir='ltr'>Fran;</span> 
     </span>
    </p>
   </div>
   <div class='ocr_carea' id='block_1_67' title="bbox 527 4657 2121 4736">
    <p class='ocr_par' dir='ltr' id='par_1_67' title="bbox 527 4657 2121 4736">
     <span class='ocr_line' id='line_1_67' title="bbox 527 4657 2121 4736; baseline 0.004 -21"><span class='ocrx_word' id='word_1_450' title='bbox 527 4657 857 4736; x_wconf 58' lang='lat' dir='ltr'>corum&#39;libf</span> <span class='ocrx_word' id='word_1_451' title='bbox 882 4677 960 4736; x_wconf 59' lang='grc' dir='ltr'>ιγ,</span> <span class='ocrx_word' id='word_1_452' title='bbox 989 4674 1121 4736; x_wconf 77' lang='lat' dir='ltr'>cap.</span> <span class='ocrx_word' id='word_1_453' title='bbox 1171 4657 1260 4724; x_wconf 83' lang='lat'>26,</span> <span class='ocrx_word' id='word_1_454' title='bbox 1308 4658 1505 4736; x_wconf 66' lang='lat' dir='ltr'>refert;</span> <span class='ocrx_word' id='word_1_455' title='bbox 1558 4661 1651 4716; x_wconf 91' lang='lat' dir='ltr'>sed</span> <span class='ocrx_word' id='word_1_456' title='bbox 1681 4662 1947 4736; x_wconf 62' lang='lat' dir='ltr'>alterius,</span> <span class='ocrx_word' id='word_1_457' title='bbox 2002 4682 2121 4736; x_wconf 70' lang='lat' dir='ltr'>quas</span> 
     </span>
    </p>
   </div>
   <div class='ocr_carea' id='block_1_68' title="bbox 531 4728 2120 4799">
    <p class='ocr_par' dir='ltr' id='par_1_68' title="bbox 531 4728 2120 4799">
     <span class='ocr_line' id='line_1_68' title="bbox 531 4728 2120 4799; baseline 0.003 -12"><span class='ocrx_word' id='word_1_458' title='bbox 531 4731 703 4787; x_wconf 87' lang='lat' dir='ltr'>fueait</span> <span class='ocrx_word' id='word_1_459' title='bbox 731 4728 1085 4795; x_wconf 68' lang='lat' dir='ltr'>Theodorici,</span> <span class='ocrx_word' id='word_1_460' title='bbox 1114 4744 1286 4799; x_wconf 91' lang='lat' dir='ltr'>usque</span> <span class='ocrx_word' id='word_1_461' title='bbox 1315 4728 1383 4784; x_wconf 90' lang='lat' dir='ltr'>ad</span> <span class='ocrx_word' id='word_1_462' title='bbox 1427 4746 1632 4786; x_wconf 89' lang='lat' dir='ltr'>annum</span> <span class='ocrx_word' id='word_1_463' title='bbox 1676 4732 1781 4788; x_wconf 77' lang='grc'>534</span> <span class='ocrx_word' id='word_1_464' title='bbox 1826 4728 2120 4792; x_wconf 67' lang='grc' dir='ltr'>Αιιέιωέἱεε</span> 
     </span>
    </p>
   </div>
   <div class='ocr_carea' id='block_1_69' title="bbox 531 4799 2115 4875">
    <p class='ocr_par' dir='ltr' id='par_1_69' title="bbox 531 4799 2115 4875">
     <span class='ocr_line' id='line_1_69' title="bbox 531 4799 2115 4875; baseline 0.004 -18"><span class='ocrx_word' id='word_1_465' title='bbox 531 4804 696 4875; x_wconf 78' lang='lat' dir='ltr'>regis,</span> <span class='ocrx_word' id='word_1_466' title='bbox 731 4801 865 4875; x_wconf 77' lang='lat' dir='ltr'>ﬁlia,</span> <span class='ocrx_word' id='word_1_467' title='bbox 896 4799 1254 4875; x_wconf 79' lang='lat' dir='ltr'>Theodeberti</span> <span class='ocrx_word' id='word_1_468' title='bbox 1281 4816 1430 4875; x_wconf 70' lang='lat' dir='ltr'>anno</span> <span class='ocrx_word' id='word_1_469' title='bbox 1450 4801 1561 4875; x_wconf 64' lang='grc' dir='ltr'>Δ547</span> <span class='ocrx_word' id='word_1_470' title='bbox 1581 4802 1725 4875; x_wconf 72' lang='lat' dir='ltr'>vivis</span> <span class='ocrx_word' id='word_1_471' title='bbox 1745 4805 1912 4875; x_wconf 90' lang='lat' dir='ltr'>erepti</span> <span class='ocrx_word' id='word_1_472' title='bbox 1944 4823 2115 4875; x_wconf 84' lang='lat' dir='ltr'>soror;</span> 
     </span>
    </p>
   </div>
   <div class='ocr_carea' id='block_1_70' title="bbox 530 4871 2120 4945">
    <p class='ocr_par' dir='ltr' id='par_1_70' title="bbox 530 4871 2120 4945">
     <span class='ocr_line' id='line_1_70' title="bbox 530 4871 2120 4945; baseline 0.003 -16"><span class='ocrx_word' id='word_1_473' title='bbox 530 4871 920 4945; x_wconf 53' lang='lat' dir='ltr'>de&#39;quaplura</span> <span class='ocrx_word' id='word_1_474' title='bbox 957 4872 1086 4945; x_wconf 69' lang='lat' dir='ltr'>vide</span> <span class='ocrx_word' id='word_1_475' title='bbox 1112 4871 1256 4945; x_wconf 89' lang='lat' dir='ltr'>apud</span> <span class='ocrx_word' id='word_1_476' title='bbox 1281 4871 1561 4945; x_wconf 81' lang='lat' dir='ltr'>Valesium</span> <span class='ocrx_word' id='word_1_477' title='bbox 1592 4874 1788 4945; x_wconf 83' lang='lat' dir='ltr'>Rerum</span> <span class='ocrx_word' id='word_1_478' title='bbox 1822 4871 2120 4933; x_wconf 54' lang='lat' dir='ltr'>Francica4</span> 
     </span>
    </p>
   </div>
   <div class='ocr_carea' id='block_1_71' title="bbox 528 4942 2114 5015">
    <p class='ocr_par' dir='ltr' id='par_1_71' title="bbox 528 4942 2114 5015">
     <span class='ocr_line' id='line_1_71' title="bbox 528 4942 2114 5015; baseline 0.003 -14"><span class='ocrx_word' id='word_1_479' title='bbox 528 4942 661 5015; x_wconf 73' lang='lat' dir='ltr'>rum</span> <span class='ocrx_word' id='word_1_480' title='bbox 698 4943 793 5000; x_wconf 91' lang='lat' dir='ltr'>lib.</span> <span class='ocrx_word' id='word_1_481' title='bbox 836 4961 936 5000; x_wconf 83' lang='lat' dir='ltr'>vn.</span> <span class='ocrx_word' id='word_1_482' title='bbox 970 4943 1208 5015; x_wconf 74' lang='lat' dir='ltr'>Consule</span> <span class='ocrx_word' id='word_1_483' title='bbox 1233 4949 1287 5015; x_wconf 83' lang='lat' dir='ltr'>et</span> <span class='ocrx_word' id='word_1_484' title='bbox 1315 4942 1572 5015; x_wconf 85' lang='lat' dir='ltr'>adnotata</span> <span class='ocrx_word' id='word_1_485' title='bbox 1600 4944 1667 5015; x_wconf 81' lang='lat' dir='ltr'>ad</span> <span class='ocrx_word' id='word_1_486' title='bbox 1697 4944 1944 5015; x_wconf 83' lang='lat' dir='ltr'>Gregorii</span> <span class='ocrx_word' id='word_1_487' title='bbox 1975 4949 2114 5005; x_wconf 86' lang='lat' dir='ltr'>Hist.</span> 
     </span>
    </p>
   </div>
   <div class='ocr_carea' id='block_1_72' title="bbox 526 5012 2121 5085">
    <p class='ocr_par' dir='ltr' id='par_1_72' title="bbox 526 5012 2121 5085">
     <span class='ocr_line' id='line_1_72' title="bbox 526 5012 2121 5085; baseline 0.001 -12"><span class='ocrx_word' id='word_1_488' title='bbox 526 5012 722 5074; x_wconf 85' lang='lat' dir='ltr'>Franc.</span> <span class='ocrx_word' id='word_1_489' title='bbox 754 5015 851 5071; x_wconf 92' lang='lat' dir='ltr'>lib.</span> <span class='ocrx_word' id='word_1_490' title='bbox 886 5033 962 5083; x_wconf 83' lang='lat' dir='ltr'>IV,</span> <span class='ocrx_word' id='word_1_491' title='bbox 992 5032 1111 5085; x_wconf 89' lang='lat' dir='ltr'>cap.</span> <span class='ocrx_word' id='word_1_492' title='bbox 1147 5012 1215 5068; x_wconf 81' lang='grc'>26</span> <span class='ocrx_word' id='word_1_493' title='bbox 1246 5012 1306 5067; x_wconf 90' lang='lat' dir='ltr'>in</span> <span class='ocrx_word' id='word_1_494' title='bbox 1332 5012 1571 5083; x_wconf 90' lang='lat' dir='ltr'>Operum</span> <span class='ocrx_word' id='word_1_495' title='bbox 1601 5013 1716 5085; x_wconf 90' lang='lat' dir='ltr'>ejus</span> <span class='ocrx_word' id='word_1_496' title='bbox 1749 5012 1989 5074; x_wconf 77' lang='lat' dir='ltr'>editione</span> <span class='ocrx_word' id='word_1_497' title='bbox 2009 5020 2121 5074; x_wconf 91' lang='lat' dir='ltr'>Pa-</span> 
     </span>
    </p>
   </div>
   <div class='ocr_carea' id='block_1_73' title="bbox 524 5086 1095 5144">
    <p class='ocr_par' dir='ltr' id='par_1_73' title="bbox 524 5086 1095 5144">
     <span class='ocr_line' id='line_1_73' title="bbox 524 5086 1095 5144; baseline 0 -1"><span class='ocrx_word' id='word_1_498' title='bbox 524 5086 743 5144; x_wconf 89' lang='lat' dir='ltr'>risiensi</span> <span class='ocrx_word' id='word_1_499' title='bbox 773 5086 905 5141; x_wconf 91' lang='lat' dir='ltr'>anni</span> <span class='ocrx_word' id='word_1_500' title='bbox 938 5086 1095 5143; x_wconf 82' lang='grc'>1699.</span> 
     </span>
    </p>
   </div>
   <div class='ocr_carea' id='block_1_74' title="bbox 597 5153 2117 5232">
    <p class='ocr_par' dir='ltr' id='par_1_74' title="bbox 597 5153 2117 5232">
     <span class='ocr_line' id='line_1_74' title="bbox 597 5153 2117 5232; baseline 0.006 -23"><span class='ocrx_word' id='word_1_501' title='bbox 597 5158 824 5232; x_wconf 62' lang='lat' dir='ltr'>f_T_igre,</span> <span class='ocrx_word' id='word_1_502' title='bbox 873 5157 930 5232; x_wconf 81' lang='lat' dir='ltr'>id</span> <span class='ocrx_word' id='word_1_503' title='bbox 976 5164 1059 5213; x_wconf 89' lang='lat' dir='ltr'>est</span> <span class='ocrx_word' id='word_1_504' title='bbox 1104 5156 1285 5232; x_wconf 77' lang='lat' dir='ltr'>cultro</span> <span class='ocrx_word' id='word_1_505' title='bbox 1331 5153 1554 5226; x_wconf 86' lang='lat' dir='ltr'>majore,</span> <span class='ocrx_word' id='word_1_506' title='bbox 1604 5164 1664 5232; x_wconf 78' lang='lat' dir='ltr'>ut</span> <span class='ocrx_word' id='word_1_507' title='bbox 1702 5156 1772 5214; x_wconf 89' lang='lat' dir='ltr'>ad</span> <span class='ocrx_word' id='word_1_508' title='bbox 1815 5160 2117 5232; x_wconf 81' lang='lat' dir='ltr'>marginem</span> 
     </span>
    </p>
   </div>
   <div class='ocr_carea' id='block_1_75' title="bbox 521 5226 2117 5306">
    <p class='ocr_par' dir='ltr' id='par_1_75' title="bbox 521 5226 2117 5306">
     <span class='ocr_line' id='line_1_75' title="bbox 521 5226 2117 5306; baseline 0 -20"><span class='ocrx_word' id='word_1_509' title='bbox 521 5226 736 5286; x_wconf 73' lang='lat' dir='ltr'>codicis</span> <span class='ocrx_word' id='word_1_510' title='bbox 772 5227 1153 5300; x_wconf 90' lang='lat' dir='ltr'>Lugdunensis</span> <span class='ocrx_word' id='word_1_511' title='bbox 1199 5226 1493 5306; x_wconf 72' lang='lat' dir='ltr'>adnotatur</span> <span class='ocrx_word' id='word_1_512' title='bbox 1538 5229 1726 5306; x_wconf 70' lang='lat' dir='ltr'>eadem</span> <span class='ocrx_word' id='word_1_513' title='bbox 1775 5226 1961 5306; x_wconf 65' lang='lat' dir='ltr'>manu,</span> <span class='ocrx_word' id='word_1_514' title='bbox 2012 5250 2117 5306; x_wconf 86' lang='lat' dir='ltr'>qua</span> 
     </span>
    </p>
   </div>
   <div class='ocr_carea' id='block_1_76' title="bbox 521 5297 2114 5423">
    <p class='ocr_par' dir='ltr' id='par_1_76' title="bbox 521 5297 2114 5423">
     <span class='ocr_line' id='line_1_76' title="bbox 521 5297 2114 5423; baseline 0.003 -67"><span class='ocrx_word' id='word_1_515' title='bbox 521 5307 706 5423; x_wconf 50' lang='lat' dir='ltr'>asinus</span> <span class='ocrx_word' id='word_1_516' title='bbox 748 5297 1008 5383; x_wconf 76' lang='lat' dir='ltr'>exaratus</span> <span class='ocrx_word' id='word_1_517' title='bbox 1054 5306 1154 5355; x_wconf 90' lang='lat' dir='ltr'>est.</span> <span class='ocrx_word' id='word_1_518' title='bbox 1202 5297 1404 5353; x_wconf 88' lang='lat' dir='ltr'>Ensem</span> <span class='ocrx_word' id='word_1_519' title='bbox 1453 5298 1716 5373; x_wconf 87' lang='lat' dir='ltr'>intelligit</span> <span class='ocrx_word' id='word_1_520' title='bbox 1765 5297 2114 5375; x_wconf 47' lang='lat' dir='ltr'>Cangius‘in</span> 
     </span>
     <span class='ocr_line' id='line_1_77' title="bbox 594 5387 820 5423; baseline 0 0"><span class='ocrx_word' id='word_1_521' title='bbox 594 5387 820 5423; x_wconf 65' lang='lat'>0883110.</span> 
     </span>
    </p>
   </div>
   <div class='ocr_carea' id='block_1_77' title="bbox 594 5387 820 5429">
    <p class='ocr_par' dir='ltr' id='par_1_77' title="bbox 594 5387 820 5429">
     <span class='ocr_line' id='line_1_78' title="bbox 594 5387 820 5429; baseline 0.018 -4"><span class='ocrx_word' id='word_1_522' title='bbox 594 5387 820 5429; x_wconf 67' lang='lat'>0883110.</span> 
     </span>
    </p>
   </div>
   <div class='ocr_carea' id='block_1_78' title="bbox 597 5439 2114 5520">
    <p class='ocr_par' dir='ltr' id='par_1_78' title="bbox 597 5439 2114 5520">
     <span class='ocr_line' id='line_1_79' title="bbox 597 5439 2114 5520; baseline 0.003 -21"><span class='ocrx_word' id='word_1_523' title='bbox 597 5439 624 5473; x_wconf 74' lang='lat'><em>‘</em></span> <span class='ocrx_word' id='word_1_524' title='bbox 648 5443 996 5520; x_wconf 42' lang='lat' dir='ltr'>.Vindicare,&quot;</span> <span class='ocrx_word' id='word_1_525' title='bbox 1020 5443 1099 5520; x_wconf 61' lang='lat' dir='ltr'>ita</span> <span class='ocrx_word' id='word_1_526' title='bbox 1143 5442 1316 5520; x_wconf 84' lang='lat' dir='ltr'>codex</span> <span class='ocrx_word' id='word_1_527' title='bbox 1362 5442 1764 5520; x_wconf 80' lang='lat' dir='ltr'>Lugdunensis,</span> <span class='ocrx_word' id='word_1_528' title='bbox 1804 5447 2114 5520; x_wconf 82' lang='lat' dir='ltr'>atValcel—</span> 
     </span>
    </p>
   </div>
   <div class='ocr_carea' id='block_1_79' title="bbox 523 5507 2112 5590">
    <p class='ocr_par' dir='ltr' id='par_1_79' title="bbox 523 5507 2112 5590">
     <span class='ocr_line' id='line_1_80' title="bbox 523 5507 2112 5590; baseline 0.006 -26"><span class='ocrx_word' id='word_1_529' title='bbox 523 5507 691 5590; x_wconf 71' lang='lat' dir='ltr'>lensis</span> <span class='ocrx_word' id='word_1_530' title='bbox 707 5519 900 5590; x_wconf 60' lang='lat' dir='ltr'>etms.</span> <span class='ocrx_word' id='word_1_531' title='bbox 936 5511 1348 5590; x_wconf 77' lang='lat' dir='ltr'>Chiﬁletianum</span> <span class='ocrx_word' id='word_1_532' title='bbox 1385 5507 1679 5590; x_wconf 50' lang='lat' dir='ltr'>veridicum,</span> <span class='ocrx_word' id='word_1_533' title='bbox 1730 5507 1886 5590; x_wconf 18' lang='lat' dir='ltr'>quod,</span> <span class='ocrx_word' id='word_1_534' title='bbox 1913 5520 2112 5590; x_wconf 81' lang='lat' dir='ltr'>eodem</span> 
     </span>
    </p>
   </div>
   <div class='ocr_carea' id='block_1_80' title="bbox 520 5575 2109 5661">
    <p class='ocr_par' dir='ltr' id='par_1_80' title="bbox 520 5575 2109 5661">
     <span class='ocr_line' id='line_1_81' title="bbox 520 5575 2109 5661; baseline 0.009 -29"><span class='ocrx_word' id='word_1_535' title='bbox 520 5575 682 5635; x_wconf 84' lang='lat' dir='ltr'>redit.</span> <span class='ocrx_word' id='word_1_536' title='bbox 706 5582 804 5637; x_wconf 89' lang='lat' dir='ltr'>Est</span> <span class='ocrx_word' id='word_1_537' title='bbox 823 5591 918 5639; x_wconf 90' lang='lat' dir='ltr'>aut</span> <span class='ocrx_word' id='word_1_538' title='bbox 943 5583 1225 5642; x_wconf 89' lang='lat' dir='ltr'>vindicare</span> <span class='ocrx_word' id='word_1_539' title='bbox 1253 5602 1350 5643; x_wconf 86' lang='lat' dir='ltr'>seu</span> <span class='ocrx_word' id='word_1_540' title='bbox 1378 5575 1688 5656; x_wconf 54' lang='lat' dir='ltr'>vendicare&#39;,</span> <span class='ocrx_word' id='word_1_541' title='bbox 1722 5575 1930 5661; x_wconf 79' lang='lat' dir='ltr'>aliquid</span> <span class='ocrx_word' id='word_1_542' title='bbox 1950 5605 2109 5646; x_wconf 87' lang='lat' dir='ltr'>suum</span> 
     </span>
    </p>
   </div>
   <div class='ocr_carea' id='block_1_81' title="bbox 2233 1777 3837 1851">
    <p class='ocr_par' dir='ltr' id='par_1_81' title="bbox 2233 1777 3837 1851">
     <span class='ocr_line' id='line_1_82' title="bbox 2233 1777 3837 1851; baseline -0.003 -12"><span class='ocrx_word' id='word_1_543' title='bbox 2233 1782 2445 1839; x_wconf 87' lang='lat' dir='ltr'>meritis</span> <span class='ocrx_word' id='word_1_544' title='bbox 2473 1780 2729 1836; x_wconf 90' lang='lat' dir='ltr'>divinum</span> <span class='ocrx_word' id='word_1_545' title='bbox 2760 1796 2885 1851; x_wconf 86' lang='lat' dir='ltr'>erga</span> <span class='ocrx_word' id='word_1_546' title='bbox 2924 1777 3031 1835; x_wconf 90' lang='lat' dir='ltr'>loci</span> <span class='ocrx_word' id='word_1_547' title='bbox 3074 1777 3285 1835; x_wconf 91' lang='lat' dir='ltr'>incolas</span> <span class='ocrx_word' id='word_1_548' title='bbox 3330 1778 3576 1834; x_wconf 88' lang='lat' dir='ltr'>favorem</span> <span class='ocrx_word' id='word_1_549' title='bbox 3625 1778 3689 1834; x_wconf 91' lang='lat' dir='ltr'>in</span> <span class='ocrx_word' id='word_1_550' title='bbox 3733 1778 3837 1834; x_wconf 89' lang='lat' dir='ltr'>ﬁne</span> 
     </span>
    </p>
   </div>
   <div class='ocr_carea' id='block_1_82' title="bbox 2230 1870 2780 1927">
    <p class='ocr_par' dir='ltr' id='par_1_82' title="bbox 2230 1870 2780 1927">
     <span class='ocr_line' id='line_1_83' title="bbox 2230 1870 2780 1927; baseline 0.002 -2"><span class='ocrx_word' id='word_1_551' title='bbox 2230 1872 2469 1927; x_wconf 80' lang='lat' dir='ltr'>maxime</span> <span class='ocrx_word' id='word_1_552' title='bbox 2497 1870 2780 1927; x_wconf 89' lang='lat' dir='ltr'>claruisse.</span> 
     </span>
    </p>
   </div>
   <div class='ocr_carea' id='block_1_83' title="bbox 2300 1956 3834 2033">
    <p class='ocr_par' dir='ltr' id='par_1_83' title="bbox 2300 1956 3834 2033">
     <span class='ocr_line' id='line_1_84' title="bbox 2300 1956 3834 2033; baseline -0.002 -17"><span class='ocrx_word' id='word_1_553' title='bbox 2300 1961 2386 2017; x_wconf 79' lang='grc'>43.</span> <span class='ocrx_word' id='word_1_554' title='bbox 2420 1962 2600 2033; x_wconf 86' lang='lat' dir='ltr'>Es0po</span> <span class='ocrx_word' id='word_1_555' title='bbox 2642 1960 2974 2017; x_wconf 89' lang='lat' dir='ltr'>vocabulum</span> <span class='ocrx_word' id='word_1_556' title='bbox 3021 1956 3240 2016; x_wconf 90' lang='lat' dir='ltr'>cuidam</span> <span class='ocrx_word' id='word_1_557' title='bbox 3285 1958 3517 2030; x_wconf 88' lang='lat' dir='ltr'>puerulo</span> <span class='ocrx_word' id='word_1_558' title='bbox 3565 1957 3687 2023; x_wconf 84' lang='lat' dir='ltr'>fuit,</span> <span class='ocrx_word' id='word_1_559' title='bbox 3740 1959 3834 2032; x_wconf 91' lang='lat' dir='ltr'>qui</span> 
     </span>
    </p>
   </div>
   <div class='ocr_carea' id='block_1_84' title="bbox 2228 2047 3832 2120">
    <p class='ocr_par' dir='ltr' id='par_1_84' title="bbox 2228 2047 3832 2120">
     <span class='ocr_line' id='line_1_85' title="bbox 2228 2047 3832 2120; baseline -0.002 -15"><span class='ocrx_word' id='word_1_560' title='bbox 2228 2065 2352 2106; x_wconf 92' lang='lat' dir='ltr'>cum</span> <span class='ocrx_word' id='word_1_561' title='bbox 2389 2049 2487 2103; x_wconf 87' lang='lat' dir='ltr'>vix</span> <span class='ocrx_word' id='word_1_562' title='bbox 2533 2048 2779 2120; x_wconf 90' lang='lat' dir='ltr'>quinque</span> <span class='ocrx_word' id='word_1_563' title='bbox 2822 2062 3093 2102; x_wconf 90' lang='lat' dir='ltr'>annorum</span> <span class='ocrx_word' id='word_1_564' title='bbox 3144 2047 3439 2102; x_wconf 85' lang='lat' dir='ltr'>infantiam</span> <span class='ocrx_word' id='word_1_565' title='bbox 3494 2047 3832 2118; x_wconf 86' lang='lat' dir='ltr'>contigisset,</span> 
     </span>
    </p>
   </div>
   <div class='ocr_carea' id='block_1_85' title="bbox 2228 2138 3835 2211">
    <p class='ocr_par' dir='ltr' id='par_1_85' title="bbox 2228 2138 3835 2211">
     <span class='ocr_line' id='line_1_86' title="bbox 2228 2138 3835 2211; baseline -0.001 -17"><span class='ocrx_word' id='word_1_566' title='bbox 2228 2146 2415 2195; x_wconf 89' lang='lat' dir='ltr'>sancto</span> <span class='ocrx_word' id='word_1_567' title='bbox 2442 2139 2624 2195; x_wconf 89' lang='lat' dir='ltr'>ordini</span> <span class='ocrx_word' id='word_1_568' title='bbox 2657 2156 2687 2193; x_wconf 90' lang='lat' dir='ltr'>a</span> <span class='ocrx_word' id='word_1_569' title='bbox 2710 2138 3029 2210; x_wconf 84' lang='lat' dir='ltr'>parentibus</span> <span class='ocrx_word' id='word_1_570' title='bbox 3057 2138 3421 2211; x_wconf 88' lang='lat' dir='ltr'>mancipatus,</span> <span class='ocrx_word' id='word_1_571' title='bbox 3457 2148 3623 2211; x_wconf 91' lang='lat' dir='ltr'>prout</span> <span class='ocrx_word' id='word_1_572' title='bbox 3651 2146 3835 2194; x_wconf 86' lang='lat' dir='ltr'>tenera</span> 
     </span>
    </p>
   </div>
   <div class='ocr_carea' id='block_1_86' title="bbox 2228 2228 3833 2300">
    <p class='ocr_par' dir='ltr' id='par_1_86' title="bbox 2228 2228 3833 2300">
     <span class='ocr_line' id='line_1_87' title="bbox 2228 2228 3833 2300; baseline 0.001 -16"><span class='ocrx_word' id='word_1_573' title='bbox 2228 2235 2359 2284; x_wconf 60' lang='lat' dir='ltr'>atas</span> <span class='ocrx_word' id='word_1_574' title='bbox 2382 2228 2492 2300; x_wconf 89' lang='lat' dir='ltr'>pati</span> <span class='ocrx_word' id='word_1_575' title='bbox 2541 2236 2773 2300; x_wconf 90' lang='lat' dir='ltr'>poterat,</span> <span class='ocrx_word' id='word_1_576' title='bbox 2822 2228 3018 2300; x_wconf 90' lang='lat' dir='ltr'>primis</span> <span class='ocrx_word' id='word_1_577' title='bbox 3066 2229 3376 2284; x_wconf 88' lang='lat' dir='ltr'>litterarum</span> <span class='ocrx_word' id='word_1_578' title='bbox 3423 2229 3833 2285; x_wconf 86' lang='lat' dir='ltr'>characterihus</span> 
     </span>
    </p>
   </div>
   <div class='ocr_carea' id='block_1_87' title="bbox 2229 2320 3832 2394">
    <p class='ocr_par' dir='ltr' id='par_1_87' title="bbox 2229 2320 3832 2394">
     <span class='ocr_line' id='line_1_88' title="bbox 2229 2320 3832 2394; baseline 0.002 -18"><span class='ocrx_word' id='word_1_579' title='bbox 2229 2320 2360 2376; x_wconf 93' lang='lat' dir='ltr'>ludo</span> <span class='ocrx_word' id='word_1_580' title='bbox 2390 2337 2551 2393; x_wconf 87' lang='lat' dir='ltr'>quam</span> <span class='ocrx_word' id='word_1_581' title='bbox 2581 2322 2723 2377; x_wconf 91' lang='lat' dir='ltr'>serio</span> <span class='ocrx_word' id='word_1_582' title='bbox 2756 2330 2781 2365; x_wconf 72' lang='grc' dir='ltr'><strong><em>Β</em></strong></span> <span class='ocrx_word' id='word_1_583' title='bbox 2806 2320 3166 2377; x_wconf 86' lang='lat' dir='ltr'>formabatur.</span> <span class='ocrx_word' id='word_1_584' title='bbox 3195 2322 3246 2376; x_wconf 92' lang='lat' dir='ltr'>Is</span> <span class='ocrx_word' id='word_1_585' title='bbox 3277 2320 3596 2393; x_wconf 84' lang='lat' dir='ltr'>dysenteria</span> <span class='ocrx_word' id='word_1_586' title='bbox 3625 2339 3832 2394; x_wconf 80' lang='lat' dir='ltr'>correp-</span> 
     </span>
    </p>
   </div>
   <div class='ocr_carea' id='block_1_88' title="bbox 2229 2411 3833 2486">
    <p class='ocr_par' dir='ltr' id='par_1_88' title="bbox 2229 2411 3833 2486">
     <span class='ocr_line' id='line_1_89' title="bbox 2229 2411 3833 2486; baseline 0.002 -20"><span class='ocrx_word' id='word_1_587' title='bbox 2229 2419 2336 2480; x_wconf 91' lang='lat' dir='ltr'>tus,</span> <span class='ocrx_word' id='word_1_588' title='bbox 2371 2412 2609 2482; x_wconf 86' lang='lat' dir='ltr'>ingentis</span> <span class='ocrx_word' id='word_1_589' title='bbox 2640 2411 2918 2483; x_wconf 90' lang='lat' dir='ltr'>languoris</span> <span class='ocrx_word' id='word_1_590' title='bbox 2948 2412 3227 2467; x_wconf 88' lang='lat' dir='ltr'>molestias</span> <span class='ocrx_word' id='word_1_591' title='bbox 3256 2421 3487 2484; x_wconf 87' lang='lat' dir='ltr'>angusto</span> <span class='ocrx_word' id='word_1_592' title='bbox 3515 2414 3579 2469; x_wconf 94' lang='lat' dir='ltr'>in</span> <span class='ocrx_word' id='word_1_593' title='bbox 3613 2430 3833 2486; x_wconf 88' lang='lat' dir='ltr'>corpore</span> 
     </span>
    </p>
   </div>
   <div class='ocr_carea' id='block_1_89' title="bbox 2230 2502 3831 2575">
    <p class='ocr_par' dir='ltr' id='par_1_89' title="bbox 2230 2502 3831 2575">
     <span class='ocr_line' id='line_1_90' title="bbox 2230 2502 3831 2575; baseline 0.001 -15"><span class='ocrx_word' id='word_1_594' title='bbox 2230 2504 2511 2560; x_wconf 88' lang='lat' dir='ltr'>toletabat.</span> <span class='ocrx_word' id='word_1_595' title='bbox 2554 2504 2817 2560; x_wconf 88' lang='lat' dir='ltr'>Matutini</span> <span class='ocrx_word' id='word_1_596' title='bbox 2858 2502 3145 2575; x_wconf 89' lang='lat' dir='ltr'>cujusdam</span> <span class='ocrx_word' id='word_1_597' title='bbox 3190 2504 3435 2561; x_wconf 89' lang='lat' dir='ltr'>diluculo</span> <span class='ocrx_word' id='word_1_598' title='bbox 3478 2523 3510 2561; x_wconf 91' lang='lat' dir='ltr'>a</span> <span class='ocrx_word' id='word_1_599' title='bbox 3554 2507 3831 2563; x_wconf 87' lang='lat' dir='ltr'>seniorum</span> 
     </span>
    </p>
   </div>
   <div class='ocr_carea' id='block_1_90' title="bbox 2228 2582 3831 2666">
    <p class='ocr_par' dir='ltr' id='par_1_90' title="bbox 2228 2582 3831 2666">
     <span class='ocr_line' id='line_1_91' title="bbox 2228 2582 3831 2666; baseline 0.002 -19"><span class='ocrx_word' id='word_1_600' title='bbox 2228 2609 2361 2660; x_wconf 90' lang='lat' dir='ltr'>uno,</span> <span class='ocrx_word' id='word_1_601' title='bbox 2403 2593 2641 2665; x_wconf 90' lang='lat' dir='ltr'>qualiter</span> <span class='ocrx_word' id='word_1_602' title='bbox 2685 2610 2741 2649; x_wconf 91' lang='lat' dir='ltr'>se</span> <span class='ocrx_word' id='word_1_603' title='bbox 2790 2582 3009 2666; x_wconf 71' lang='lat' dir='ltr'>ageret;</span> <span class='ocrx_word' id='word_1_604' title='bbox 3070 2590 3443 2665; x_wconf 82' lang='lat' dir='ltr'>percontatus,</span> <span class='ocrx_word' id='word_1_605' title='bbox 3480 2604 3687 2652; x_wconf 81' lang='lat' dir='ltr'>cuncta</span> <span class='ocrx_word' id='word_1_606' title='bbox 3732 2595 3831 2651; x_wconf 84' lang='lat' dir='ltr'>sibi</span> 
     </span>
    </p>
   </div>
   <div class='ocr_carea' id='block_1_91' title="bbox 2228 2680 3832 2753">
    <p class='ocr_par' dir='ltr' id='par_1_91' title="bbox 2228 2680 3832 2753">
     <span class='ocr_line' id='line_1_92' title="bbox 2228 2680 3832 2753; baseline 0.002 -16"><span class='ocrx_word' id='word_1_607' title='bbox 2228 2680 2512 2753; x_wconf 89' lang='lat' dir='ltr'>respondit</span> <span class='ocrx_word' id='word_1_608' title='bbox 2536 2691 2785 2738; x_wconf 90' lang='lat' dir='ltr'>constare</span> <span class='ocrx_word' id='word_1_609' title='bbox 2816 2684 3092 2750; x_wconf 85' lang='lat' dir='ltr'>salubria;</span> <span class='ocrx_word' id='word_1_610' title='bbox 3141 2685 3395 2742; x_wconf 89' lang='lat' dir='ltr'>lectionis</span> <span class='ocrx_word' id='word_1_611' title='bbox 3431 2702 3544 2741; x_wconf 69' lang='lat' dir='ltr'>sua:</span> <span class='ocrx_word' id='word_1_612' title='bbox 3592 2696 3832 2742; x_wconf 89' lang='lat' dir='ltr'>tenorem</span> 
     </span>
    </p>
   </div>
   <div class='ocr_carea' id='block_1_92' title="bbox 2229 2772 3833 2848">
    <p class='ocr_par' dir='ltr' id='par_1_92' title="bbox 2229 2772 3833 2848">
     <span class='ocr_line' id='line_1_93' title="bbox 2229 2772 3833 2848; baseline 0.004 -22"><span class='ocrx_word' id='word_1_613' title='bbox 2229 2787 2285 2826; x_wconf 90' lang='lat' dir='ltr'>se</span> <span class='ocrx_word' id='word_1_614' title='bbox 2320 2772 2482 2843; x_wconf 90' lang='lat' dir='ltr'>paulo</span> <span class='ocrx_word' id='word_1_615' title='bbox 2525 2779 2653 2827; x_wconf 90' lang='lat' dir='ltr'>ante</span> <span class='ocrx_word' id='word_1_616' title='bbox 2701 2789 2771 2828; x_wconf 91' lang='lat' dir='ltr'>ex</span> <span class='ocrx_word' id='word_1_617' title='bbox 2810 2774 3079 2830; x_wconf 88' lang='lat' dir='ltr'>memoria</span> <span class='ocrx_word' id='word_1_618' title='bbox 3120 2774 3451 2843; x_wconf 87' lang='lat' dir='ltr'>reddidisse;</span> <span class='ocrx_word' id='word_1_619' title='bbox 3507 2792 3630 2848; x_wconf 60' lang='lat' dir='ltr'>quae</span> <span class='ocrx_word' id='word_1_620' title='bbox 3677 2791 3833 2832; x_wconf 79' lang='lat' dir='ltr'>causa</span> 
     </span>
    </p>
   </div>
   <div class='ocr_carea' id='block_1_93' title="bbox 2229 2859 3832 2938">
    <p class='ocr_par' dir='ltr' id='par_1_93' title="bbox 2229 2859 3832 2938">
     <span class='ocr_line' id='line_1_94' title="bbox 2229 2859 3832 2938; baseline 0.005 -23"><span class='ocrx_word' id='word_1_621' title='bbox 2229 2859 2528 2917; x_wconf 87' lang='lat' dir='ltr'>alacritatis</span> <span class='ocrx_word' id='word_1_622' title='bbox 2548 2862 2595 2918; x_wconf 90' lang='lat' dir='ltr'>ei</span> <span class='ocrx_word' id='word_1_623' title='bbox 2621 2863 3039 2937; x_wconf 89' lang='lat' dir='ltr'>securitatisque</span> <span class='ocrx_word' id='word_1_624' title='bbox 3072 2865 3371 2938; x_wconf 90' lang='lat' dir='ltr'>plurimum</span> <span class='ocrx_word' id='word_1_625' title='bbox 3401 2867 3832 2923; x_wconf 85' lang='lat' dir='ltr'>contulisset.De</span> 
     </span>
    </p>
   </div>
   <div class='ocr_carea' id='block_1_94' title="bbox 2229 2953 3833 3029">
    <p class='ocr_par' dir='ltr' id='par_1_94' title="bbox 2229 2953 3833 3029">
     <span class='ocr_line' id='line_1_95' title="bbox 2229 2953 3833 3029; baseline 0.004 -22"><span class='ocrx_word' id='word_1_626' title='bbox 2229 2953 2490 3024; x_wconf 86' lang='lat' dir='ltr'>qualitate</span> <span class='ocrx_word' id='word_1_627' title='bbox 2518 2953 2634 3026; x_wconf 90' lang='lat' dir='ltr'>ejus</span> <span class='ocrx_word' id='word_1_628' title='bbox 2665 2956 2920 3013; x_wconf 91' lang='lat' dir='ltr'>lectionis</span> <span class='ocrx_word' id='word_1_629' title='bbox 2941 2958 3324 3029; x_wconf 88' lang='lat' dir='ltr'>interrogatus,</span> <span class='ocrx_word' id='word_1_630' title='bbox 3356 2958 3649 3016; x_wconf 88' lang='lat' dir='ltr'>centesimi</span> <span class='ocrx_word' id='word_1_631' title='bbox 3677 2959 3833 3015; x_wconf 87' lang='lat' dir='ltr'>deci-</span> 
     </span>
    </p>
   </div>
   <div class='ocr_carea' id='block_1_95' title="bbox 2228 3042 3835 3119">
    <p class='ocr_par' dir='ltr' id='par_1_95' title="bbox 2228 3042 3835 3119">
     <span class='ocr_line' id='line_1_96' title="bbox 2228 3042 3835 3119; baseline 0.004 -22"><span class='ocrx_word' id='word_1_632' title='bbox 2228 3042 2305 3097; x_wconf 90' lang='lat' dir='ltr'>mi</span> <span class='ocrx_word' id='word_1_633' title='bbox 2333 3044 2553 3115; x_wconf 85' lang='lat' dir='ltr'>septimi</span> <span class='ocrx_word' id='word_1_634' title='bbox 2584 3044 2784 3100; x_wconf 90' lang='lat' dir='ltr'>Psalmi</span> <span class='ocrx_word' id='word_1_635' title='bbox 2816 3046 3059 3119; x_wconf 90' lang='lat' dir='ltr'>primum</span> <span class='ocrx_word' id='word_1_636' title='bbox 3089 3064 3308 3104; x_wconf 84' lang='lat' dir='ltr'>versum</span> <span class='ocrx_word' id='word_1_637' title='bbox 3339 3048 3487 3105; x_wconf 88' lang='lat' dir='ltr'>ultra</span> <span class='ocrx_word' id='word_1_638' title='bbox 3513 3047 3636 3119; x_wconf 89' lang='lat' dir='ltr'>ejus</span> <span class='ocrx_word' id='word_1_639' title='bbox 3664 3047 3835 3106; x_wconf 63' lang='lat' dir='ltr'>aetatis</span> 
     </span>
    </p>
   </div>
   <div class='ocr_carea' id='block_1_96' title="bbox 2224 3133 3834 3212">
    <p class='ocr_par' dir='ltr' id='par_1_96' title="bbox 2224 3133 3834 3212">
     <span class='ocr_line' id='line_1_97' title="bbox 2224 3133 3834 3212; baseline 0.006 -25"><span class='ocrx_word' id='word_1_640' title='bbox 2224 3133 2494 3188; x_wconf 88' lang='lat' dir='ltr'>tenaciam</span> <span class='ocrx_word' id='word_1_641' title='bbox 2530 3136 2831 3206; x_wconf 87' lang='lat' dir='ltr'>proferens,</span> <span class='ocrx_word' id='word_1_642' title='bbox 2862 3138 3241 3208; x_wconf 90' lang='lat' dir='ltr'>Conﬁtemini,</span> <span class='ocrx_word' id='word_1_643' title='bbox 3267 3139 3367 3207; x_wconf 88' lang='lat' dir='ltr'>ait,</span> <span class='ocrx_word' id='word_1_644' title='bbox 3399 3140 3662 3209; x_wconf 90' lang='lat' dir='ltr'>Domino,</span> <span class='ocrx_word' id='word_1_645' title='bbox 3691 3156 3834 3212; x_wconf 90' lang='lat' dir='ltr'>quo—</span> 
     </span>
    </p>
   </div>
   <div class='ocr_carea' id='block_1_97' title="bbox 2228 3220 3827 3302">
    <p class='ocr_par' dir='ltr' id='par_1_97' title="bbox 2228 3220 3827 3302">
     <span class='ocr_line' id='line_1_98' title="bbox 2228 3220 3827 3302; baseline 0.007 -27"><span class='ocrx_word' id='word_1_646' title='bbox 2228 3220 2375 3276; x_wconf 92' lang='lat' dir='ltr'>niam</span> <span class='ocrx_word' id='word_1_647' title='bbox 2401 3221 2598 3290; x_wconf 89' lang='lat' dir='ltr'>bonus,</span> <span class='ocrx_word' id='word_1_648' title='bbox 2622 3225 2882 3295; x_wconf 88' lang='lat' dir='ltr'>quoniam</span> <span class='ocrx_word' id='word_1_649' title='bbox 2915 3227 2973 3281; x_wconf 91' lang='lat' dir='ltr'>in</span> <span class='ocrx_word' id='word_1_650' title='bbox 2999 3229 3261 3284; x_wconf 71' lang='lat' dir='ltr'>saeculum</span> <span class='ocrx_word' id='word_1_651' title='bbox 3291 3229 3677 3287; x_wconf 87' lang='lat' dir='ltr'>misericordia</span> <span class='ocrx_word' id='word_1_652' title='bbox 3698 3230 3827 3302; x_wconf 84' lang='lat' dir='ltr'>ejus.</span> 
     </span>
    </p>
   </div>
   <div class='ocr_carea' id='block_1_98' title="bbox 2230 3310 3830 3390">
    <p class='ocr_par' dir='ltr' id='par_1_98' title="bbox 2230 3310 3830 3390">
     <span class='ocr_line' id='line_1_99' title="bbox 2230 3310 3830 3390; baseline 0.004 -22"><span class='ocrx_word' id='word_1_653' title='bbox 2230 3310 2366 3368; x_wconf 90' lang='lat' dir='ltr'>Cum</span> <span class='ocrx_word' id='word_1_654' title='bbox 2395 3311 2451 3366; x_wconf 92' lang='lat' dir='ltr'>id</span> <span class='ocrx_word' id='word_1_655' title='bbox 2482 3328 2583 3369; x_wconf 91' lang='lat' dir='ltr'>nec</span> <span class='ocrx_word' id='word_1_656' title='bbox 2613 3314 2820 3386; x_wconf 84' lang='lat' dir='ltr'>scripto</span> <span class='ocrx_word' id='word_1_657' title='bbox 2848 3313 3051 3384; x_wconf 89' lang='lat' dir='ltr'>dicere,</span> <span class='ocrx_word' id='word_1_658' title='bbox 3083 3332 3183 3374; x_wconf 89' lang='lat' dir='ltr'>nec</span> <span class='ocrx_word' id='word_1_659' title='bbox 3213 3333 3307 3390; x_wconf 91' lang='lat' dir='ltr'>per</span> <span class='ocrx_word' id='word_1_660' title='bbox 3322 3328 3539 3376; x_wconf 67' lang='lat' dir='ltr'>aetatem</span> <span class='ocrx_word' id='word_1_661' title='bbox 3566 3320 3659 3375; x_wconf 83' lang='lat' dir='ltr'>vel</span> <span class='ocrx_word' id='word_1_662' title='bbox 3676 3326 3830 3375; x_wconf 85' lang='lat' dir='ltr'>usum</span> 
     </span>
    </p>
   </div>
   <div class='ocr_carea' id='block_1_99' title="bbox 2230 3401 3826 3480">
    <p class='ocr_par' dir='ltr' id='par_1_99' title="bbox 2230 3401 3826 3480">
     <span class='ocr_line' id='line_1_100' title="bbox 2230 3401 3826 3480; baseline 0.006 -24"><span class='ocrx_word' id='word_1_663' title='bbox 2230 3401 2509 3458; x_wconf 83' lang='lat' dir='ltr'>memoriae</span> <span class='ocrx_word' id='word_1_664' title='bbox 2537 3402 2817 3460; x_wconf 89' lang='lat' dir='ltr'>insinuare</span> <span class='ocrx_word' id='word_1_665' title='bbox 2847 3408 3113 3477; x_wconf 89' lang='lat' dir='ltr'>potuerit;</span> <span class='ocrx_word' id='word_1_666' title='bbox 3154 3424 3186 3463; x_wconf 91' lang='lat' dir='ltr'>a</span> <span class='ocrx_word' id='word_1_667' title='bbox 3233 3424 3340 3480; x_wconf 93' lang='lat' dir='ltr'>quo</span> <span class='ocrx_word' id='word_1_668' title='bbox 3388 3426 3506 3466; x_wconf 90' lang='lat' dir='ltr'>rem</span> <span class='ocrx_word' id='word_1_669' title='bbox 3551 3410 3826 3478; x_wconf 85' lang='lat' dir='ltr'>didicerit,</span> 
     </span>
    </p>
   </div>
   <div class='ocr_carea' id='block_1_100' title="bbox 2229 3490 3831 3573">
    <p class='ocr_par' dir='ltr' id='par_1_100' title="bbox 2229 3490 3831 3573">
     <span class='ocr_line' id='line_1_101' title="bbox 2229 3490 3831 3573; baseline 0.009 -31"><span class='ocrx_word' id='word_1_670' title='bbox 2229 3490 2537 3560; x_wconf 83' lang='lat' dir='ltr'>postulatus</span> <span class='ocrx_word' id='word_1_671' title='bbox 2570 3508 2581 3546; x_wconf 92' lang='lat'><em>:</em></span> <span class='ocrx_word' id='word_1_672' title='bbox 2614 3491 2737 3547; x_wconf 89' lang='lat' dir='ltr'>Non</span> <span class='ocrx_word' id='word_1_673' title='bbox 2766 3493 2988 3563; x_wconf 85' lang='lat' dir='ltr'>videtis,</span> <span class='ocrx_word' id='word_1_674' title='bbox 3020 3496 3116 3563; x_wconf 90' lang='lat' dir='ltr'>ait,</span> <span class='ocrx_word' id='word_1_675' title='bbox 3162 3498 3420 3568; x_wconf 86' lang='lat' dir='ltr'>parvulos</span> <span class='ocrx_word' id='word_1_676' title='bbox 3463 3499 3619 3555; x_wconf 64' lang='lat' dir='ltr'>scalae</span> <span class='ocrx_word' id='word_1_677' title='bbox 3668 3499 3831 3573; x_wconf 85' lang='lat' dir='ltr'>hujus</span> 
     </span>
    </p>
   </div>
   <div class='ocr_carea' id='block_1_101' title="bbox 2232 3581 3828 3657">
    <p class='ocr_par' dir='ltr' id='par_1_101' title="bbox 2232 3581 3828 3657">
     <span class='ocr_line' id='line_1_102' title="bbox 2232 3581 3828 3657; baseline 0.008 -23"><span class='ocrx_word' id='word_1_678' title='bbox 2232 3581 2709 3639; x_wconf 66' lang='lat' dir='ltr'>excellentissima:</span> <span class='ocrx_word' id='word_1_679' title='bbox 2739 3585 2998 3642; x_wconf 90' lang='lat' dir='ltr'>connisos</span> <span class='ocrx_word' id='word_1_680' title='bbox 3036 3586 3292 3657; x_wconf 89' lang='lat' dir='ltr'>gradibus</span> <span class='ocrx_word' id='word_1_681' title='bbox 3319 3589 3389 3645; x_wconf 90' lang='lat' dir='ltr'>ad</span> <span class='ocrx_word' id='word_1_682' title='bbox 3418 3591 3665 3647; x_wconf 69' lang='lat' dir='ltr'>cmicstia</span> <span class='ocrx_word' id='word_1_683' title='bbox 3692 3607 3828 3649; x_wconf 88' lang='lat' dir='ltr'>con-</span> 
     </span>
    </p>
   </div>
   <div class='ocr_carea' id='block_1_102' title="bbox 2232 3670 3826 3749">
    <p class='ocr_par' dir='ltr' id='par_1_102' title="bbox 2232 3670 3826 3749">
     <span class='ocr_line' id='line_1_103' title="bbox 2232 3670 3826 3749; baseline 0.011 -25"><span class='ocrx_word' id='word_1_684' title='bbox 2232 3670 2518 3728; x_wconf 89' lang='lat' dir='ltr'>tendentes</span> <span class='ocrx_word' id='word_1_685' title='bbox 2540 3673 2567 3728; x_wconf 75' lang='lat'>?</span> <span class='ocrx_word' id='word_1_686' title='bbox 2603 3674 2725 3729; x_wconf 86' lang='lat' dir='ltr'>Non</span> <span class='ocrx_word' id='word_1_687' title='bbox 2755 3675 2911 3747; x_wconf 89' lang='lat' dir='ltr'>plura</span> <span class='ocrx_word' id='word_1_688' title='bbox 2941 3676 3155 3747; x_wconf 77' lang='lat' dir='ltr'>effatus,</span> <span class='ocrx_word' id='word_1_689' title='bbox 3187 3687 3247 3734; x_wconf 92' lang='lat' dir='ltr'>ut</span> <span class='ocrx_word' id='word_1_690' title='bbox 3276 3681 3443 3737; x_wconf 87' lang='lat' dir='ltr'>ﬁnem</span> <span class='ocrx_word' id='word_1_691' title='bbox 3472 3683 3683 3749; x_wconf 83' lang='lat' dir='ltr'>verbis,</span> <span class='ocrx_word' id='word_1_692' title='bbox 3708 3684 3826 3740; x_wconf 65' lang='lat' dir='ltr'>vita</span> 
     </span>
    </p>
   </div>
   <div class='ocr_carea' id='block_1_103' title="bbox 2234 3763 3830 3847">
    <p class='ocr_par' dir='ltr' id='par_1_103' title="bbox 2234 3763 3830 3847">
     <span class='ocr_line' id='line_1_104' title="bbox 2234 3763 3830 3847; baseline 0.012 -33"><span class='ocrx_word' id='word_1_693' title='bbox 2234 3775 2451 3833; x_wconf 87' lang='lat' dir='ltr'>quoque</span> <span class='ocrx_word' id='word_1_694' title='bbox 2480 3763 2777 3839; x_wconf 83' lang='lat' dir='ltr'>terminum</span> <span class='ocrx_word' id='word_1_695' title='bbox 2808 3765 2952 3823; x_wconf 89' lang='lat' dir='ltr'>ﬁxit.</span> <span class='ocrx_word' id='word_1_696' title='bbox 3005 3766 3385 3826; x_wconf 87' lang='lat' dir='ltr'>Certissimum</span> <span class='ocrx_word' id='word_1_697' title='bbox 3432 3781 3519 3829; x_wconf 88' lang='lat' dir='ltr'>est</span> <span class='ocrx_word' id='word_1_698' title='bbox 3561 3776 3830 3847; x_wconf 75' lang='lat' dir='ltr'>angelicas</span> 
     </span>
    </p>
   </div>
   <div class='ocr_carea' id='block_1_104' title="bbox 2234 3851 3829 3932">
    <p class='ocr_par' dir='ltr' id='par_1_104' title="bbox 2234 3851 3829 3932">
     <span class='ocr_line' id='line_1_105' title="bbox 2234 3851 3829 3932; baseline 0.008 -23"><span class='ocrx_word' id='word_1_699' title='bbox 2234 3851 2462 3924; x_wconf 90' lang='lat' dir='ltr'>spiritus</span> <span class='ocrx_word' id='word_1_700' title='bbox 2509 3851 2836 3914; x_wconf 88' lang='lat' dir='ltr'>habitudine</span> <span class='ocrx_word' id='word_1_701' title='bbox 2883 3873 3175 3929; x_wconf 89' lang='lat' dir='ltr'>puerorum</span> <span class='ocrx_word' id='word_1_702' title='bbox 3212 3858 3329 3932; x_wconf 91' lang='lat' dir='ltr'>ejus</span> <span class='ocrx_word' id='word_1_703' title='bbox 3357 3862 3697 3922; x_wconf 83' lang='lat' dir='ltr'>innocentiae</span> <span class='ocrx_word' id='word_1_704' title='bbox 3726 3867 3829 3923; x_wconf 85' lang='lat' dir='ltr'>Deo</span> 
     </span>
    </p>
   </div>
   <div class='ocr_carea' id='block_1_105' title="bbox 2235 3941 3831 4027">
    <p class='ocr_par' dir='ltr' id='par_1_105' title="bbox 2235 3941 3831 4027">
     <span class='ocr_line' id='line_1_106' title="bbox 2235 3941 3831 4027; baseline 0.011 -32"><span class='ocrx_word' id='word_1_705' title='bbox 2235 3941 2447 4013; x_wconf 71' lang='lat' dir='ltr'>placitae</span> <span class='ocrx_word' id='word_1_706' title='bbox 2494 3941 2915 4015; x_wconf 88' lang='lat' dir='ltr'>demonstratos,</span> <span class='ocrx_word' id='word_1_707' title='bbox 2963 3949 3202 4004; x_wconf 89' lang='lat' dir='ltr'>animam</span> <span class='ocrx_word' id='word_1_708' title='bbox 3252 3967 3469 4025; x_wconf 87' lang='lat' dir='ltr'>quoque</span> <span class='ocrx_word' id='word_1_709' title='bbox 3518 3954 3831 4027; x_wconf 84' lang='lat' dir='ltr'>fragilitatis</span> 
     </span>
    </p>
   </div>
   <div class='ocr_carea' id='block_1_106' title="bbox 2236 4031 3829 4118">
    <p class='ocr_par' dir='ltr' id='par_1_106' title="bbox 2236 4031 3829 4118">
     <span class='ocr_line' id='line_1_107' title="bbox 2236 4031 3829 4118; baseline 0.01 -32"><span class='ocrx_word' id='word_1_710' title='bbox 2236 4031 2430 4118; x_wconf 74' lang='lat' dir='ltr'>facere,</span> <span class='ocrx_word' id='word_1_711' title='bbox 2461 4034 2529 4118; x_wconf 82' lang='lat' dir='ltr'>ad</span> <span class='ocrx_word' id='word_1_712' title='bbox 2558 4051 2684 4091; x_wconf 88' lang='lat' dir='ltr'>suos</span> <span class='ocrx_word' id='word_1_713' title='bbox 2709 4054 2839 4118; x_wconf 79' lang='lat' dir='ltr'>usus</span> <span class='ocrx_word' id='word_1_714' title='bbox 2863 4046 3201 4118; x_wconf 73' lang='lat' dir='ltr'>convertere,</span> <span class='ocrx_word' id='word_1_715' title='bbox 3242 4047 3304 4095; x_wconf 91' lang='lat' dir='ltr'>ut</span> <span class='ocrx_word' id='word_1_716' title='bbox 3326 4059 3390 4097; x_wconf 91' lang='lat' dir='ltr'>eo</span> <span class='ocrx_word' id='word_1_717' title='bbox 3421 4044 3601 4115; x_wconf 86' lang='lat' dir='ltr'>possis</span> <span class='ocrx_word' id='word_1_718' title='bbox 3628 4045 3714 4118; x_wconf 13' lang='lat' dir='ltr'>uti,</span> <span class='ocrx_word' id='word_1_719' title='bbox 3737 4062 3829 4118; x_wconf 87' lang='lat' dir='ltr'>pro</span> 
     </span>
    </p>
   </div>
   <div class='ocr_carea' id='block_1_107' title="bbox 2234 4103 3828 4189">
    <p class='ocr_par' dir='ltr' id='par_1_107' title="bbox 2234 4103 3828 4189">
     <span class='ocr_line' id='line_1_108' title="bbox 2234 4103 3828 4189; baseline 0.01 -32"><span class='ocrx_word' id='word_1_720' title='bbox 2234 4103 2463 4189; x_wconf 61' lang='lat' dir='ltr'>arbitri?</span> <span class='ocrx_word' id='word_1_721' title='bbox 2494 4112 2589 4160; x_wconf 90' lang='lat' dir='ltr'>tuo</span> <span class='ocrx_word' id='word_1_722' title='bbox 2609 4125 2632 4188; x_wconf 39' lang='lat'>;.</span> <span class='ocrx_word' id='word_1_723' title='bbox 2655 4108 2800 4189; x_wconf 76' lang='lat' dir='ltr'>quod</span> <span class='ocrx_word' id='word_1_724' title='bbox 2830 4125 2969 4189; x_wconf 40' lang='lat' dir='ltr'>sane.</span> <span class='ocrx_word' id='word_1_725' title='bbox 2988 4103 3195 4189; x_wconf 77' lang='lat' dir='ltr'>melius</span> <span class='ocrx_word' id='word_1_726' title='bbox 3221 4122 3323 4189; x_wconf 79' lang='lat' dir='ltr'>est,</span> <span class='ocrx_word' id='word_1_727' title='bbox 3356 4103 3531 4189; x_wconf 66' lang='lat' dir='ltr'>quam</span> <span class='ocrx_word' id='word_1_728' title='bbox 3552 4103 3828 4189; x_wconf 12' lang='lat' dir='ltr'>iquod&#39;in</span> 
     </span>
    </p>
   </div>
   <div class='ocr_carea' id='block_1_108' title="bbox 2235 4176 3829 4251">
    <p class='ocr_par' dir='ltr' id='par_1_108' title="bbox 2235 4176 3829 4251">
     <span class='ocr_line' id='line_1_109' title="bbox 2235 4176 3829 4251; baseline 0.009 -23"><span class='ocrx_word' id='word_1_729' title='bbox 2235 4176 2383 4251; x_wconf 69' lang='lat' dir='ltr'>edito</span> <span class='ocrx_word' id='word_1_730' title='bbox 2410 4176 2915 4251; x_wconf 27' lang='lat' dir='ltr'>Gregorioflegitur,</span> <span class='ocrx_word' id='word_1_731' title='bbox 2938 4179 3206 4251; x_wconf 82' lang='lat' dir='ltr'>judicare,</span> <span class='ocrx_word' id='word_1_732' title='bbox 3238 4176 3327 4241; x_wconf 83' lang='lat' dir='ltr'>vel</span> <span class='ocrx_word' id='word_1_733' title='bbox 3352 4176 3410 4240; x_wconf 80' lang='lat' dir='ltr'>in</span> <span class='ocrx_word' id='word_1_734' title='bbox 3433 4176 3622 4244; x_wconf 45' lang='lat' dir='ltr'>Heric‘i</span> <span class='ocrx_word' id='word_1_735' title='bbox 3640 4189 3829 4244; x_wconf 83' lang='lat' dir='ltr'>editio-</span> 
     </span>
    </p>
   </div>
   <div class='ocr_carea' id='block_1_109' title="bbox 2235 4246 2924 4328">
    <p class='ocr_par' dir='ltr' id='par_1_109' title="bbox 2235 4246 2924 4328">
     <span class='ocr_line' id='line_1_110' title="bbox 2235 4246 2924 4328; baseline 0.01 -28"><span class='ocrx_word' id='word_1_736' title='bbox 2235 4261 2304 4301; x_wconf 91' lang='lat' dir='ltr'>ne</span> <span class='ocrx_word' id='word_1_737' title='bbox 2334 4246 2639 4328; x_wconf 40' lang='lat' dir='ltr'>Lna&#39;bbeaua,</span> <span class='ocrx_word' id='word_1_738' title='bbox 2670 4246 2924 4328; x_wconf 45' lang='lat' dir='ltr'>ind-icore.</span> 
     </span>
    </p>
   </div>
   <div class='ocr_carea' id='block_1_110' title="bbox 2307 4318 3828 4403">
    <p class='ocr_par' dir='ltr' id='par_1_110' title="bbox 2307 4318 3828 4403">
     <span class='ocr_line' id='line_1_111' title="bbox 2307 4318 3828 4403; baseline 0.012 -33"><span class='ocrx_word' id='word_1_739' title='bbox 2307 4327 2326 4398; x_wconf 63' lang='grc' dir='ltr'><strong><em>τ</em></strong></span> <span class='ocrx_word' id='word_1_740' title='bbox 2360 4318 2450 4398; x_wconf 77' lang='lat' dir='ltr'>Sic</span> <span class='ocrx_word' id='word_1_741' title='bbox 2478 4319 2679 4403; x_wconf 73' lang='lat' dir='ltr'>iterum</span> <span class='ocrx_word' id='word_1_742' title='bbox 2709 4322 3164 4403; x_wconf 76' lang='lat' dir='ltr'>codicesnostri;</span> <span class='ocrx_word' id='word_1_743' title='bbox 3198 4328 3328 4385; x_wconf 90' lang='lat' dir='ltr'>licet</span> <span class='ocrx_word' id='word_1_744' title='bbox 3353 4331 3498 4403; x_wconf 89' lang='lat' dir='ltr'>apud</span> <span class='ocrx_word' id='word_1_745' title='bbox 3529 4331 3828 4399; x_wconf 87' lang='lat' dir='ltr'>Labbeum,</span> 
     </span>
    </p>
   </div>
   <div class='ocr_carea' id='block_1_111' title="bbox 2234 4390 3831 4471">
    <p class='ocr_par' dir='ltr' id='par_1_111' title="bbox 2234 4390 3831 4471">
     <span class='ocr_line' id='line_1_112' title="bbox 2234 4390 3831 4471; baseline 0.012 -31"><span class='ocrx_word' id='word_1_746' title='bbox 2234 4394 2287 4471; x_wconf 73' lang='lat' dir='ltr'>et</span> <span class='ocrx_word' id='word_1_747' title='bbox 2404 4390 2577 4471; x_wconf 73' lang='lat' dir='ltr'>ipsius</span> <span class='ocrx_word' id='word_1_748' title='bbox 2602 4390 2848 4471; x_wconf 72' lang='lat' dir='ltr'>Gregorii</span> <span class='ocrx_word' id='word_1_749' title='bbox 2879 4396 3119 4471; x_wconf 89' lang='lat' dir='ltr'>editione</span> <span class='ocrx_word' id='word_1_750' title='bbox 3145 4390 3360 4456; x_wconf 86' lang='lat' dir='ltr'>tantum</span> <span class='ocrx_word' id='word_1_751' title='bbox 3388 4390 3687 4471; x_wconf 83' lang='lat' dir='ltr'>habeatur,</span> <span class='ocrx_word' id='word_1_752' title='bbox 3718 4390 3831 4459; x_wconf 67' lang='lat' dir='ltr'>cura</span> 
     </span>
    </p>
   </div>
   <div class='ocr_carea' id='block_1_112' title="bbox 2334 4466 3833 4587">
    <p class='ocr_par' dir='ltr' id='par_1_112' title="bbox 2334 4466 3833 4587">
     <span class='ocr_line' id='line_1_113' title="bbox 2334 4466 3833 4587; baseline 0.013 -76"><span class='ocrx_word' id='word_1_753' title='bbox 2334 4466 2386 4540; x_wconf 80' lang='lat' dir='ltr'>to</span> <span class='ocrx_word' id='word_1_754' title='bbox 2437 4466 2688 4587; x_wconf 51' lang='lat' dir='ltr'>egiiscopo.</span> <span class='ocrx_word' id='word_1_755' title='bbox 2739 4466 3000 4549; x_wconf 80' lang='lat' dir='ltr'>Patruum</span> <span class='ocrx_word' id='word_1_756' title='bbox 3048 4470 3264 4555; x_wconf 80' lang='lat' dir='ltr'>habuit_</span> <span class='ocrx_word' id='word_1_757' title='bbox 3293 4474 3641 4555; x_wconf 82' lang='lat' dir='ltr'>appellatque</span> <span class='ocrx_word' id='word_1_758' title='bbox 3672 4466 3833 4531; x_wconf 48' lang='lat' dir='ltr'>&#39;Gre-</span> 
     </span>
     <span class='ocr_line' id='line_1_114' title="bbox 2334 4533 3832 4587; baseline 0.002 -3"><span class='ocrx_word' id='word_1_759' title='bbox 2334 4547 2416 4586; x_wconf 85' lang='lat' dir='ltr'>IllS</span> <span class='ocrx_word' id='word_1_760' title='bbox 2487 4576 2498 4586; x_wconf 90' lang='lat'>.</span> <span class='ocrx_word' id='word_1_761' title='bbox 2540 4533 2778 4587; x_wconf 88' lang='lat' dir='ltr'>Gallum.</span> <span class='ocrx_word' id='word_1_762' title='bbox 2829 4554 2921 4587; x_wconf 81' lang='lat' dir='ltr'>(ml</span> <span class='ocrx_word' id='word_1_763' title='bbox 2978 4541 3198 4587; x_wconf 75' lang='lat' dir='ltr'>Avrlnm</span> <span class='ocrx_word' id='word_1_764' title='bbox 3250 4560 3304 4587; x_wconf 91' lang='lat' dir='ltr'>m</span> <span class='ocrx_word' id='word_1_765' title='bbox 3354 4546 3599 4587; x_wconf 61' lang='lat' dir='ltr'>tam-Jama:</span> <span class='ocrx_word' id='word_1_766' title='bbox 3633 4547 3832 4587; x_wconf 61' lang='grc' dir='ltr'>ΙἾειιι-ι...</span> 
     </span>
    </p>
   </div>
   <div class='ocr_carea' id='block_1_113' title="bbox 2233 4533 3832 4618">
    <p class='ocr_par' dir='ltr' id='par_1_113' title="bbox 2233 4533 3832 4618">
     <span class='ocr_line' id='line_1_115' title="bbox 2233 4533 3832 4618; baseline 0.012 -35"><span class='ocrx_word' id='word_1_767' title='bbox 2233 4533 2416 4618; x_wconf 79' lang='lat' dir='ltr'>gorius</span> <span class='ocrx_word' id='word_1_768' title='bbox 2444 4533 2498 4587; x_wconf 93' lang='lat' dir='ltr'>S.</span> <span class='ocrx_word' id='word_1_769' title='bbox 2540 4533 2778 4618; x_wconf 65' lang='lat' dir='ltr'>Gallum,</span> <span class='ocrx_word' id='word_1_770' title='bbox 2808 4539 2923 4618; x_wconf 75' lang='lat' dir='ltr'>qui</span> <span class='ocrx_word' id='word_1_771' title='bbox 2972 4541 3201 4598; x_wconf 87' lang='lat' dir='ltr'>Avitum</span> <span class='ocrx_word' id='word_1_772' title='bbox 3243 4533 3599 4618; x_wconf 44' lang='lat' dir='ltr'>iu&#39;écclesi‘ze</span> <span class='ocrx_word' id='word_1_773' title='bbox 3633 4547 3832 4604; x_wconf 79' lang='lat' dir='ltr'>Claro—</span> 
     </span>
    </p>
   </div>
   <div class='ocr_carea' id='block_1_114' title="bbox 2232 4604 3832 4684">
    <p class='ocr_par' dir='ltr' id='par_1_114' title="bbox 2232 4604 3832 4684">
     <span class='ocr_line' id='line_1_116' title="bbox 2232 4604 3832 4684; baseline 0.013 -30"><span class='ocrx_word' id='word_1_774' title='bbox 2232 4608 2506 4684; x_wconf 64' lang='lat' dir='ltr'>rnontanaa</span> <span class='ocrx_word' id='word_1_775' title='bbox 2558 4604 2950 4684; x_wconf 74' lang='lat' dir='ltr'>gubernatione</span> <span class='ocrx_word' id='word_1_776' title='bbox 3004 4614 3317 4684; x_wconf 68' lang='lat' dir='ltr'>praecessit;</span> <span class='ocrx_word' id='word_1_777' title='bbox 3372 4616 3463 4671; x_wconf 89' lang='lat' dir='ltr'>sed</span> <span class='ocrx_word' id='word_1_778' title='bbox 3512 4618 3568 4672; x_wconf 87' lang='lat' dir='ltr'>S.</span> <span class='ocrx_word' id='word_1_779' title='bbox 3612 4617 3832 4673; x_wconf 73' lang='lat' dir='ltr'>Avitum</span> 
     </span>
    </p>
   </div>
   <div class='ocr_carea' id='block_1_115' title="bbox 2232 4671 3834 4757">
    <p class='ocr_par' dir='ltr' id='par_1_115' title="bbox 2232 4671 3834 4757">
     <span class='ocr_line' id='line_1_117' title="bbox 2232 4671 3834 4757; baseline 0.013 -32"><span class='ocrx_word' id='word_1_780' title='bbox 2232 4671 2399 4757; x_wconf 60' lang='lat' dir='ltr'>hunc,</span> <span class='ocrx_word' id='word_1_781' title='bbox 2436 4673 2503 4757; x_wconf 74' lang='lat' dir='ltr'>de</span> <span class='ocrx_word' id='word_1_782' title='bbox 2534 4671 2641 4746; x_wconf 72' lang='lat' dir='ltr'>quo</span> <span class='ocrx_word' id='word_1_783' title='bbox 2667 4684 2853 4757; x_wconf 77' lang='lat' dir='ltr'>tamen</span> <span class='ocrx_word' id='word_1_784' title='bbox 2886 4671 3121 4757; x_wconf 77' lang='lat' dir='ltr'>(utpote</span> <span class='ocrx_word' id='word_1_785' title='bbox 3161 4702 3259 4741; x_wconf 91' lang='lat' dir='ltr'>suo</span> <span class='ocrx_word' id='word_1_786' title='bbox 3304 4671 3363 4741; x_wconf 81' lang='lat' dir='ltr'>in</span> <span class='ocrx_word' id='word_1_787' title='bbox 3411 4671 3579 4743; x_wconf 83' lang='lat' dir='ltr'>sacris</span> <span class='ocrx_word' id='word_1_788' title='bbox 3621 4671 3834 4745; x_wconf 74' lang='lat' dir='ltr'>litteris</span> 
     </span>
    </p>
   </div>
   <div class='ocr_carea' id='block_1_116' title="bbox 2230 4744 3835 4831">
    <p class='ocr_par' dir='ltr' id='par_1_116' title="bbox 2230 4744 3835 4831">
     <span class='ocr_line' id='line_1_118' title="bbox 2230 4744 3835 4831; baseline 0.012 -35"><span class='ocrx_word' id='word_1_789' title='bbox 2230 4744 2526 4831; x_wconf 66' lang='lat' dir='ltr'>aliquando</span> <span class='ocrx_word' id='word_1_790' title='bbox 2541 4744 2820 4831; x_wconf 70' lang='lat' dir='ltr'>magistro)</span> <span class='ocrx_word' id='word_1_791' title='bbox 2836 4744 3134 4831; x_wconf 66' lang='lat' dir='ltr'>saepissime</span> <span class='ocrx_word' id='word_1_792' title='bbox 3146 4756 3423 4831; x_wconf 82' lang='lat' dir='ltr'>meminit,</span> <span class='ocrx_word' id='word_1_793' title='bbox 3439 4744 3835 4831; x_wconf 78' lang='lat' dir='ltr'>nunquamvel</span> 
     </span>
    </p>
   </div>
   <div class='ocr_carea' id='block_1_117' title="bbox 2231 4816 3835 4904">
    <p class='ocr_par' dir='ltr' id='par_1_117' title="bbox 2231 4816 3835 4904">
     <span class='ocr_line' id='line_1_119' title="bbox 2231 4816 3835 4904; baseline 0.013 -38"><span class='ocrx_word' id='word_1_794' title='bbox 2231 4816 2580 4904; x_wconf 53' lang='lat' dir='ltr'>avpnlculivel</span> <span class='ocrx_word' id='word_1_795' title='bbox 2597 4816 2712 4874; x_wconf 91' lang='lat' dir='ltr'>ullo</span> <span class='ocrx_word' id='word_1_796' title='bbox 2725 4816 3514 4904; x_wconf 70' lang='lat' dir='ltr'>consanguinitatisaliotitulo</span> <span class='ocrx_word' id='word_1_797' title='bbox 3526 4816 3835 4904; x_wconf 68' lang='lat' dir='ltr'>nuncupat.</span> 
     </span>
    </p>
   </div>
   <div class='ocr_carea' id='block_1_118' title="bbox 2282 4883 3837 4975">
    <p class='ocr_par' dir='ltr' id='par_1_118' title="bbox 2282 4883 3837 4975">
     <span class='ocr_line' id='line_1_120' title="bbox 2282 4883 3837 4975; baseline 0.002 -19"><span class='ocrx_word' id='word_1_798' title='bbox 2282 4883 2662 4975; x_wconf 54' lang='grc' dir='ltr'>ᾖέῖιῖξεξτξᾳθᾳε,</span> <span class='ocrx_word' id='word_1_799' title='bbox 2714 4892 2878 4975; x_wconf 58' lang='lat' dir='ltr'>Vulgo</span> <span class='ocrx_word' id='word_1_800' title='bbox 2921 4883 3150 4953; x_wconf 64' lang='grc' dir='ltr'>Μαλιεαο</span> <span class='ocrx_word' id='word_1_801' title='bbox 3191 4916 3288 4954; x_wconf 91' lang='lat' dir='ltr'>seu</span> <span class='ocrx_word' id='word_1_802' title='bbox 3329 4883 3837 4975; x_wconf 20' lang='lat' dir='ltr'>Mazacfin&#39;p‘awgo</span> 
     </span>
    </p>
   </div>
   <div class='ocr_carea' id='block_1_119' title="bbox 2231 4955 3116 5031">
    <p class='ocr_par' dir='ltr' id='par_1_119' title="bbox 2231 4955 3116 5031">
     <span class='ocr_line' id='line_1_121' title="bbox 2231 4955 3116 5031; baseline 0.014 -20"><span class='ocrx_word' id='word_1_803' title='bbox 2231 4955 2610 5031; x_wconf 57' lang='lat' dir='ltr'>Ricognagensi</span> <span class='ocrx_word' id='word_1_804' title='bbox 2641 4955 2786 5031; x_wconf 87' lang='lat' dir='ltr'>apud</span> <span class='ocrx_word' id='word_1_805' title='bbox 2813 4955 3116 5024; x_wconf 59' lang='lat' dir='ltr'>Arvernos.</span> 
     </span>
    </p>
   </div>
   <div class='ocr_carea' id='block_1_120' title="bbox 2301 5028 3835 5115">
    <p class='ocr_par' dir='ltr' id='par_1_120' title="bbox 2301 5028 3835 5115">
     <span class='ocr_line' id='line_1_122' title="bbox 2301 5028 3835 5115; baseline 0.019 -40"><span class='ocrx_word' id='word_1_806' title='bbox 2301 5028 2883 5115; x_wconf 41' lang='lat' dir='ltr'>{Lugio‘quani‘serim</span> <span class='ocrx_word' id='word_1_807' title='bbox 2933 5037 3242 5096; x_wconf 82' lang='lat' dir='ltr'>Chiﬂletius</span> <span class='ocrx_word' id='word_1_808' title='bbox 3288 5040 3418 5115; x_wconf 82' lang='lat' dir='ltr'>legit</span> <span class='ocrx_word' id='word_1_809' title='bbox 3466 5043 3593 5098; x_wconf 79' lang='lat' dir='ltr'>ludo</span> <span class='ocrx_word' id='word_1_810' title='bbox 3633 5062 3835 5115; x_wconf 82' lang='lat' dir='ltr'>quam-</span> 
     </span>
    </p>
   </div>
   <div class='ocr_carea' id='block_1_121' title="bbox 2228 5098 3834 5189">
    <p class='ocr_par' dir='ltr' id='par_1_121' title="bbox 2228 5098 3834 5189">
     <span class='ocr_line' id='line_1_123' title="bbox 2228 5098 3834 5189; baseline -0.011 0"><span class='ocrx_word' id='word_1_811' title='bbox 2228 5098 2549 5189; x_wconf 43' lang='grc' dir='ltr'>ἷῗζίῗξὲεῗῖίξ</span> <span class='ocrx_word' id='word_1_812' title='bbox 2572 5103 2769 5173; x_wconf 64' lang='lat' dir='ltr'>quidni</span> <span class='ocrx_word' id='word_1_813' title='bbox 2813 5098 3002 5189; x_wconf 54' lang='lat' dir='ltr'>salis“?</span> <span class='ocrx_word' id='word_1_814' title='bbox 3043 5126 3159 5166; x_wconf 70' lang='lat' dir='ltr'>esse</span> <span class='ocrx_word' id='word_1_815' title='bbox 3201 5098 3402 5189; x_wconf 64' lang='grc' dir='ltr'>Ροεεῇ</span> <span class='ocrx_word' id='word_1_816' title='bbox 3445 5098 3682 5189; x_wconf 66' lang='lat' dir='ltr'>puerum</span> <span class='ocrx_word' id='word_1_817' title='bbox 3711 5098 3834 5189; x_wconf 34' lang='lat' dir='ltr'>&quot;vix</span> 
     </span>
    </p>
   </div>
   <div class='ocr_carea' id='block_1_122' title="bbox 2229 5181 3827 5255">
    <p class='ocr_par' dir='ltr' id='par_1_122' title="bbox 2229 5181 3827 5255">
     <span class='ocr_line' id='line_1_124' title="bbox 2229 5181 3827 5255; baseline 0.014 -34"><span class='ocrx_word' id='word_1_818' title='bbox 2229 5184 2639 5255; x_wconf 79' lang='lat' dir='ltr'>quinquennem</span> <span class='ocrx_word' id='word_1_819' title='bbox 2669 5190 2779 5255; x_wconf 77' lang='lat' dir='ltr'>non</span> <span class='ocrx_word' id='word_1_820' title='bbox 2800 5181 2943 5255; x_wconf 85' lang='lat' dir='ltr'>serio</span> <span class='ocrx_word' id='word_1_821' title='bbox 2963 5181 3293 5255; x_wconf 84' lang='lat' dir='ltr'>instructum</span> <span class='ocrx_word' id='word_1_822' title='bbox 3324 5181 3512 5253; x_wconf 76' lang='lat' dir='ltr'>fuisse,</span> <span class='ocrx_word' id='word_1_823' title='bbox 3538 5187 3635 5241; x_wconf 90' lang='lat' dir='ltr'>sed</span> <span class='ocrx_word' id='word_1_824' title='bbox 3660 5188 3827 5254; x_wconf 90' lang='lat' dir='ltr'>ludo;</span> 
     </span>
    </p>
   </div>
   <div class='ocr_carea' id='block_1_123' title="bbox 2227 5247 3828 5329">
    <p class='ocr_par' dir='ltr' id='par_1_123' title="bbox 2227 5247 3828 5329">
     <span class='ocr_line' id='line_1_125' title="bbox 2227 5247 3828 5329; baseline 0.014 -37"><span class='ocrx_word' id='word_1_825' title='bbox 2227 5247 2426 5329; x_wconf 57' lang='lat' dir='ltr'>qui</span> <span class='ocrx_word' id='word_1_826' title='bbox 2471 5247 2627 5329; x_wconf 55' lang='lat' dir='ltr'>seriae</span> <span class='ocrx_word' id='word_1_827' title='bbox 2673 5247 3056 5329; x_wconf 73' lang='lat' dir='ltr'>instructionis</span> <span class='ocrx_word' id='word_1_828' title='bbox 3093 5270 3191 5324; x_wconf 90' lang='lat' dir='ltr'>per</span> <span class='ocrx_word' id='word_1_829' title='bbox 3234 5262 3448 5309; x_wconf 65' lang='lat' dir='ltr'>aetatem</span> <span class='ocrx_word' id='word_1_830' title='bbox 3489 5247 3667 5329; x_wconf 78' lang='lat' dir='ltr'>capax</span> <span class='ocrx_word' id='word_1_831' title='bbox 3713 5247 3828 5315; x_wconf 80' lang='lat' dir='ltr'>non</span> 
     </span>
    </p>
   </div>
   <div class='ocr_carea' id='block_1_124' title="bbox 2226 5312 3829 5397">
    <p class='ocr_par' dir='ltr' id='par_1_124' title="bbox 2226 5312 3829 5397">
     <span class='ocr_line' id='line_1_126' title="bbox 2226 5312 3829 5397; baseline 0.014 -33"><span class='ocrx_word' id='word_1_832' title='bbox 2226 5312 2414 5397; x_wconf 68' lang='lat' dir='ltr'>esset?</span> <span class='ocrx_word' id='word_1_833' title='bbox 2470 5313 2622 5371; x_wconf 90' lang='lat' dir='ltr'>Patet</span> <span class='ocrx_word' id='word_1_834' title='bbox 2656 5333 2793 5397; x_wconf 42' lang='lat' dir='ltr'>.vero</span> <span class='ocrx_word' id='word_1_835' title='bbox 2837 5319 2987 5391; x_wconf 92' lang='lat' dir='ltr'>hinc,</span> <span class='ocrx_word' id='word_1_836' title='bbox 3037 5312 3198 5396; x_wconf 78' lang='lat' dir='ltr'>quam</span> <span class='ocrx_word' id='word_1_837' title='bbox 3236 5334 3435 5397; x_wconf 80' lang='lat' dir='ltr'>tenera</span> <span class='ocrx_word' id='word_1_838' title='bbox 3489 5312 3628 5383; x_wconf 65' lang='lat' dir='ltr'>olim</span> <span class='ocrx_word' id='word_1_839' title='bbox 3668 5312 3829 5386; x_wconf 63' lang='lat' dir='ltr'>aetate</span> 
     </span>
    </p>
   </div>
   <div class='ocr_carea' id='block_1_125' title="bbox 2223 5381 3826 5469">
    <p class='ocr_par' dir='ltr' id='par_1_125' title="bbox 2223 5381 3826 5469">
     <span class='ocr_line' id='line_1_127' title="bbox 2223 5381 3826 5469; baseline 0.014 -34"><span class='ocrx_word' id='word_1_840' title='bbox 2223 5381 2431 5469; x_wconf 62' lang='lat' dir='ltr'>liberos</span> <span class='ocrx_word' id='word_1_841' title='bbox 2459 5400 2584 5469; x_wconf 77' lang='lat' dir='ltr'>suos</span> <span class='ocrx_word' id='word_1_842' title='bbox 2610 5387 2699 5469; x_wconf 71' lang='lat' dir='ltr'>pii</span> <span class='ocrx_word' id='word_1_843' title='bbox 2725 5381 3197 5469; x_wconf 12' lang='lat' dir='ltr'>parentes&#39;sa&#39;nctor</span> <span class='ocrx_word' id='word_1_844' title='bbox 3216 5381 3433 5466; x_wconf 90' lang='lat' dir='ltr'>Ordini,</span> <span class='ocrx_word' id='word_1_845' title='bbox 3474 5381 3826 5457; x_wconf 27' lang='lat' dir='ltr'>sedamen};</span> 
     </span>
    </p>
   </div>
   <div class='ocr_carea' id='block_1_126' title="bbox 2224 5451 3827 5541">
    <p class='ocr_par' dir='ltr' id='par_1_126' title="bbox 2224 5451 3827 5541">
     <span class='ocr_line' id='line_1_128' title="bbox 2224 5451 3827 5541; baseline 0.015 -36"><span class='ocrx_word' id='word_1_846' title='bbox 2224 5451 2451 5541; x_wconf 71' lang='lat' dir='ltr'>chorum</span> <span class='ocrx_word' id='word_1_847' title='bbox 2484 5451 2809 5541; x_wconf 66' lang='lat' dir='ltr'>disciplinae,</span> <span class='ocrx_word' id='word_1_848' title='bbox 2832 5465 3287 5541; x_wconf 61' lang='lat' dir='ltr'>mancipaverint.</span> <span class='ocrx_word' id='word_1_849' title='bbox 3302 5451 3404 5541; x_wconf 10' lang='lat' dir='ltr'>per</span> <span class='ocrx_word' id='word_1_850' title='bbox 3418 5451 3495 5524; x_wconf 67' lang='lat' dir='ltr'>se</span> <span class='ocrx_word' id='word_1_851' title='bbox 3507 5451 3827 5541; x_wconf 65' lang='lat' dir='ltr'>iiiéii-</span> 
     </span>
    </p>
   </div>
   <div class='ocr_carea' id='block_1_127' title="bbox 2221 5525 3823 5654">
    <p class='ocr_par' dir='ltr' id='par_1_127' title="bbox 2221 5525 3823 5654">
     <span class='ocr_line' id='line_1_129' title="bbox 2221 5525 3823 5654; baseline 0.015 -78"><span class='ocrx_word' id='word_1_852' title='bbox 2221 5525 2663 5654; x_wconf 47' lang='lat' dir='ltr'>gqsnidésgeruit</span> <span class='ocrx_word' id='word_1_853' title='bbox 2692 5525 2854 5603; x_wconf 85' lang='lat' dir='ltr'>supra</span> <span class='ocrx_word' id='word_1_854' title='bbox 2873 5534 2931 5589; x_wconf 92' lang='lat' dir='ltr'>in</span> <span class='ocrx_word' id='word_1_855' title='bbox 2961 5525 3194 5610; x_wconf 78' lang='lat' dir='ltr'>Epilogo</span> <span class='ocrx_word' id='word_1_856' title='bbox 3212 5538 3283 5595; x_wconf 91' lang='lat' dir='ltr'>ad</span> <span class='ocrx_word' id='word_1_857' title='bbox 3302 5537 3487 5595; x_wconf 77' lang='lat' dir='ltr'>Vitam</span> <span class='ocrx_word' id='word_1_858' title='bbox 3507 5525 3823 5616; x_wconf 66' lang='lat' dir='ltr'>metricam,</span> 
     </span>
    </p>
   </div>
  </div>
