4066 6190
253 278 389 343 1229

246 445 558 510 exemptam
588 448 847 518 compede
875 454 1194 526 suscepisse.
1219 443 1378 517 ~Aliis
1417 464 1587 536 ipsam

245 525 590 587 imminentis
619 533 867 595 decessus
895 540 1085 600 horam
1113 547 1372 606 novimus
1392 555 1716 624 revelatam;
1751 559 1841 615 ad-

242 630 306 669 eo
327 623 460 672 utet
483 619 694 678 lavacra
715 634 768 681 et
792 631 1026 687 vestium
1048 637 1400 707 mutationes,
1425 652 1585 712 prout
1609 647 1841 704 mortuis

241 703 553 762 exhibenda
596 721 768 782 erant,
802 717 905 788 ipsi
937 722 1117 778 adhuc
1148 726 1398 784 viventes
1439 732 1583 787 ultro
1623 751 1840 805 prave-

239 791 444 849 nerint.
474 795 770 859 Nonnullis
796 805 1039 876 ejusdem
1069 811 1373 870 beatissimi
1405 818 1581 876 Patris
1607 839 1840 893 persona

237 883 400 939 vultu
422 889 831 964 venustissime,
855 903 1152 958 reverenda
1180 906 1402 974 canitie,
1432 912 1735 980 pontiﬁcali
1759 914 1837 969 di-

236 972 444 1042 gnitate
471 989 782 1051 conspecta,
815 994 867 1040 et
897 993 1290 1051 consolationis
1318 998 1620 1068 plurimum
1652 1010 1705 1058 et
1743 1020 1838 1059 se—

235 1062 488 1119 curitatis
524 1081 632 1122 non
675 1086 866 1141 parum
917 1079 1191 1136 exhibuit.
1247 1085 1361 1143 Hoc
1411 1105 1439 1143 e
1485 1090 1674 1146 multis
1723 1108 1836 1148 non

234 1157 670 1216 extraordinarie
691 1161 917 1222 fortasse
931 1171 1301 1244 tetigerimus;
1327 1185 1388 1232 ut
1402 1181 1582 1251 palam
1605 1182 1830 1255 liqueat,

233 1243 382 1303 hunc
410 1248 608 1307 devote
637 1254 742 1310 sibi
773 1257 1189 1333 obsequentium
1241 1268 1404 1324 anxie
1433 1264 1616 1328 curam
1653 1289 1835 1344 gerere

231 1332 585 1396 famulorum.
620 1343 760 1402 Hinc
789 1347 856 1402 ad
887 1332 1099 1422 reliqua
1123 1362 1482 1416 transeamus.

300 1424 388 1483 44.
422 1429 787 1490 Immoderata
819 1438 956 1506 gulae
987 1444 1316 1514 appetentia,
1346 1448 1415 1503 ob
1447 1466 1608 1521 quam
1643 1470 1833 1511 omnes

226 1523 450 1584 peccato
477 1520 754 1594 mortique
783 1528 1218 1601 succumbimus,
1249 1534 1368 1591 leve
1396 1520 1622 1608 putatur
1653 1551 1705 1597 et
1739 1545 1831 1599 lu-

225 1599 474 1671 dicrum;
509 1607 603 1662 sed
640 1625 748 1681 quo
768 1624 992 1672 cavetur
1014 1619 1218 1690 minus,
1242 1638 1305 1678 eo
1326 1627 1567 1684 atrocius
1587 1631 1826 1701 perimit.

224 1695 380 1754 Hanc
411 1699 500 1754 vir
542 1714 764 1764 sanctus
811 1727 935 1768 cum
990 1713 1048 1770 in
1099 1718 1392 1791 semetipso
1437 1724 1826 1796 exstingueret,

223 1792 339 1842 tum
369 1790 515 1860 quod
547 1792 605 1847 in
653 1795 778 1852 aliis
829 1816 1046 1875 quoque
1099 1802 1204 1860 sibi

219 1877 623 1936 commendare.
652 1881 722 1938 Ut
743 1883 1001 1945 ﬁdelibus
1023 1907 1140 1948 mos
1161 1903 1240 1950 est
1263 1877 1620 1956 devotionem
1651 1919 1827 1974 suam,

218 1961 424 2030 quibus
445 1978 696 2038 possunt,
725 1975 964 2032 modulis
987 1978 1293 2050 declarare;
1330 1994 1456 2041 ante
1483 1990 1623 2043 sacri
1651 1992 1830 2061 sepul-

216 2063 373 2106 crum
405 2058 652 2128 corporis
682 2068 853 2117 strata
877 2063 1132 2134 jacebant
1163 2086 1324 2140 poma
1352 2076 1665 2131 autumnali
1700 2077 1829 2132 viri-

213 2134 389 2194 ditate
416 2147 704 2202 vernantia
731 2167 742 2214 ;
783 2167 901 2221 qua:
925 2163 984 2209 ut
1012 2155 1230 2214 diversa
1261 2177 1476 2231 genere,
1505 2163 1672 2220 odore
1694 2182 1826 2238 quo-

212 2244 322 2299 que
364 2233 694 2304 gratissima,
729 2241 999 2308 geminam
1027 2247 1414 2308 accedentibus
1450 2264 1702 2326 aspectus
1749 2260 1826 2315 ol-

211 2316 505 2390 factusque
528 2322 613 2377 sui
635 2327 864 2396 gratiam
893 2331 1303 2406 ministrarent;
1339 2340 1568 2412 interea,
1602 2349 1824 2418 populis

210 2404 276 2459 ad
299 2404 446 2462 beati
471 2407 671 2468 festum
697 2419 949 2486 praesulis
971 2438 1038 2478 ex
1062 2441 1213 2480 more
1234 2427 1553 2501 ﬂuentibus,
1585 2435 1825 2506 quibus-

210 2511 317 2566 que
353 2500 773 2569 permittebatur
799 2511 1074 2582 accedere,
1109 2517 1246 2572 sacri
1283 2520 1660 2590 pavimentum
1693 2527 1819 2583 lecti

210 2585 472 2655 religiosa
518 2596 873 2654 veneratione
931 2601 1403 2676 deosculantibus,
1456 2626 1484 2664 e
1536 2627 1678 2681 rure,
1729 2610 1817 2668 cui

206 2674 454 2733 Nantilla
485 2682 813 2743 vocabulum
847 2700 946 2758 est,
977 2693 1252 2769 distatque
1282 2698 1348 2753 ab
1378 2674 1510 2755 urbe
1541 2674 1819 2773 non'plu-

209 2763 436 2835 rimum,
471 2772 802 2832 rusticorum
835 2783 1126 2851 quemdam
1167 2787 1400 2859 contigit
1436 2789 1714 2846 interesse.
1769 2793 1819 2847 Is

207 2854 497 2913 oculorum
527 2862 774 2936 gulzeque
804 2876 993 2940 captus
1024 2872 1300 2944 illecebra,
1331 2894 1498 2933 manu
1527 2880 1696 2936 sacris
1720 2880 1817 2934 in—

200 2939 371 3013 jecta,
395 2963 619 3019 pomum
651 2939 904 3013 clanculo
932 2963 1135 3032 rapuit,
1167 2980 1228 3020 ac
1258 2974 1514 3039 tanquam
1549 2984 1614 3023 eo
1645 2970 1816 3024 volu—

206 3035 346 3104 ptati
382 3053 587 3095 morem
619 3052 890 3115 gesturus,
919 3047 1200 3108 abscessit.
1240 3035 1417 3126 Hujus
1447 3057 1811 3113 temeritatem

204 3142 233 3181 e
262 3130 496 3204 vestigio
517 3151 698 3193 comes
728 3140 868 3196 ultio
894 3144 1182 3215 castigavit
1217 3166 1229 3203 :
1264 3164 1411 3217 nam,
1449 3159 1510 3206 ut
1542 3166 1638 3206 esu
1661 3151 1809 3222 pomi

203 3215 408 3274 illicito
437 3223 703 3282 satisfecit
731 3229 1022 3301 desiderio,
1056 3235 1353 3293 interdicto
1385 3238 1658 3311 loquendi
1677 3257 1800 3309 usu,

205 3315 392 3363 mutus
423 3311 665 3384 effectus,
690 3334 844 3375 reum
867 3337 922 3376 se
943 3324 1193 3379 criminis
1209 3326 1374 3381 miser
1392 3338 1637 3397 agnovrt.
1663 3329 1805 3386 Huic

201 3397 503 3455 calamitati
538 3403 701 3460 ﬁnem
734 3423 911 3464 annus
943 3411 1207 3480 imposuit
1235 3430 1247 3477 ;
1277 3430 1401 3467 cum
1437 3417 1802 3473 solemnitatis

201 3485 446 3556 ejusdem
480 3507 665 3547 annuo
697 3504 970 3550 remeante
1009 3502 1342 3569 spectaculo,
1391 3505 1564 3559 sancti
1612 3506 1804 3577 sepul-

199 3592 356 3633 crum
391 3588 662 3650 repetens,
693 3583 825 3638 fletu
846 3593 1056 3642 reatum
1080 3588 1532 3666 diluit,votisque
1551 3595 1804 3654 addictus

198 3657 650 3737 quamplurimis,
686 3670 955 3743 loquelam
987 3678 1190 3747 pariter
1221 3686 1274 3734 et
1300 3682 1517 3738 veniam
1549 3693 1804 3757 reporta-

199 3754 303 3808 vit.
339 3754 455 3810 Hoc
481 3757 634 3826 prius
661 3772 1002 3833 compertum
1032 3783 1143 3823 non
1175 3777 1278 3838 est,
1310 3771 1486 3829 donec
1516 3773 1581 3843 is,
1607 3775 1664 3830 in
1694 3792 1803 3849 quo

197 3851 483 3914 peractum
503 3845 699 3915 fuerat,
725 3850 802 3906 rei
826 3862 988 3922 gestae
1007 3857 1205 3912 seriem
1232 3859 1518 3918 indicaret.
1535 3864 1593 3919 Id
1615 3874 1801 3922 actum

193 3940 277 3988 est
304 3949 387 4004 ea,
419 3950 540 4007 quae
577 3938 840 3996 Kalendis
870 3942 1201 4001 Octobribus
1231 3949 1436 4017 evenit,
1479 3951 1801 4024 festivitate,

194 4037 471 4096 quamque
493 4027 563 4081 ob
594 4027 733 4082 sacri
764 4026 882 4098 ejus
910 4029 1310 4103 depositionem
1343 4039 1590 4108 corporis
1610 4043 1803 4112 splen-

195 4109 470 4168 didiorem
512 4116 724 4172 caeteris
771 4118 949 4190 prisca
980 4128 1228 4178 veterum
1259 4126 1668 4184 commendavit
1695 4147 1803 4186 au-

195 4200 443 4257 ctoritas.

266 4301 354 4358 45.
389 4303 500 4360 Rus
522 4305 794 4377 quoddam
824 4310 1010 4368 nobile
1031 4312 1376 4373 Vastinensis
1408 4319 1530 4392 pagi
1553 4320 1800 4379 Cordibi-

195 4389 295 4446 lias
316 4390 541 4462 dicitur,
573 4411 601 4449 e
630 4394 787 4466 cujus
810 4397 1008 4455 incolis
1029 4403 1252 4474 quidam
1279 4389 1439 4463 annis
1459 4409 1795 4480 pubertatem

197 4478 592 4539 inducentibus
623 4484 862 4542 infausta
891 4506 1129 4560 genuum
1179 4478 1477 4550 debilitate
1509 4498 1793 4568 multatus,

194 4571 258 4626 ad
293 4573 533 4644 praefatae
567 4593 900 4636 concurrens
938 4581 1256 4641 festivitatis
1294 4587 1508 4657 gaudia,
1560 4592 1800 4648 naturali
1829 4564 1876 4622 D

195 4662 527 4720 reformatus
555 4668 899 4738 rectitudini,
933 4673 1090 4744 cujus
1112 4690 1274 4746 quam
1303 4677 1544 4735 maxime
1564 4687 1677 4735 erat
1698 4680 1796 4736 in-

191 4747 372 4821 digus,
407 4761 602 4825 optatae
623 4773 806 4814 secum
839 4761 1030 4816 retulit
1058 4763 1247 4818 munia
1276 4765 1575 4836 sospitatis.

262 4847 350 4905 46.
385 4852 740 4912 Institutione
778 4861 1152 4931 apostolorum
1203 4864 1469 4936 principis
1514 4866 1793 4922 informa-

187 4953 333 5008 mur,
365 4951 560 5000 contra
590 4957 906 5006 veternosas
937 4952 1165 5026 maligni
1198 4952 1375 5012 hostis
1403 4958 1652 5027 astutias,
1684 4959 1789 5032 spi-

186 5028 373 5086 ritales
400 5039 454 5087 et
485 5034 785 5094 indefectas
817 5049 1132 5100 constanter
1152 5061 1406 5103 exercere
1438 5050 1673 5122 vigilias,
1695 5051 1789 5123 qui

186 5124 450 5192 tanquam
508 5124 594 5180 leo
645 5129 953 5187 Dominicis
993 5149 1208 5205 semper
1251 5135 1485 5193 infestus
1515 5139 1784 5210 ovilibus,

186 5207 469 5269 incautum
520 5232 793 5290 quemque
828 5229 882 5276 et
909 5222 1274 5294 negligentem
1318 5225 1548 5299 excipit,
1592 5207 1786 5299 laniat,

257 5399 278 5426 ³
306 5391 543 5472 armilla
581 5395 770 5480 ja_nua:
809 5399 1096 5480 quid_sit,_
1123 5419 1232 5480 non
1273 5405 1447 5476 reperi
1498 5405 1780 5464 hactenus.

187 5458 443 5560 Suspicor
486 5458 752 5560 annulum
802 5458 1098 5550 signiﬁcari
1150 5458 1400 5560 (pamilet
1449 5480 1783 5560 pre-annulo

186 5533 403 5630 armilLla
433 5538 697 5630 sumituE)
737 5533 1060 5612 quovjanua
1107 5533 1245 5601 solet
1282 5546 1348 5600 ab
1377 5533 1783 5630 egredientibus

188 5611 321 5630 nll-n
375 5606 385 5630 2
464 5615 522 5630 --ι
576 5627 595 5630 -
711 5612 752 5630 __3
843 5629 847 5630 ,
931 5615 940 5630 I
1007 5615 1039 5630 ιο
1222 5617 1255 5630 ο-
1388 5627 1395 5630 .

186 5604 410 5687 attrahi,
464 5615 525 5687 ut
572 5627 602 5665 a
650 5604 785 5687 foris
827 5604 1041 5687 occludi
1092 5617 1261 5687 possit
1295 5637 1306 5674 :
1343 5604 1630 5675 utusensus
1658 5621 1730 5675 sit
1764 5640 1776 5678 :

183 5671 320 5730 Nam
354 5671 403 5732 si
433 5681 577 5751 quis,
610 5683 830 5739 occluso
867 5685 1033 5741 etiam
1081 5671 1305 5759 templo
1332 5671 1417 5745 vel
1442 5671 1776 5748 ‘éiééiid'sl

1213 303 1306 364 DE
1344 305 1722 372 MIRACULIS
1760 319 1818 380 S.
1865 318 2206 384 GERMANI.
2245 361 2315 373 —
2352 324 2485 392 LIB.
2526 335 2568 394 I.

1257 1808 1566 1881 displiceat,
1618 1815 1832 1871 studuit
1861 1846 1906 1904 Β

3405 357 3545 418 1230

1620 484 1837 576 quoqu‘e
1867 483 1915 540 Α
1946 476 2284 576 intercludit.
2339 487 2513 576 IIujus
2559 491 2860 566 decipulas,
2905 512 3066 572 quam
3107 506 3385 576 subdolas,
3426 519 3540 570 tam

1951 567 2200 638 subtiles,
2229 573 2498 632 subducto
2518 597 2707 639 cavere
2730 602 3019 645 monemur
3038 597 3310 668 exemplo.
3331 600 3542 666 Quem-

1951 656 2076 713 dam
2099 658 2353 718 Senonici
2377 667 2521 722 ruris
2543 669 2802 742 incolam,
2826 680 3067 748 pecualis
3087 699 3231 740 cum
3254 686 3541 759 diligentia

1949 761 2065 801 rem
2104 747 2432 808 familiarem
2479 772 2590 812 non
2634 747 2873 832 segniter
2909 781 3274 842 exercentem,
3309 778 3542 850 contigit

1948 837 2233 906 proprium
2277 840 2456 898 ﬁlium
2508 849 2867 918 providendis
2913 837 3303 934 pascendisque
3346 837 3540 923 suibus

1949 925 2273 995 praefecisse.
2300 931 2458 989 IIunc
2478 939 2806 995 antelucano
2827 925 2936 996 diei
2958 925 3266 1018 cujusdam,
3288 961 3348 1007 ut
3369 954 3541 1010 fami-

1950 1013 2082 1069 liare
2110 1016 2313 1074 talibus
2341 1029 2441 1089 est,
2477 1039 2508 1076 a
2535 1041 2730 1082 somno
2759 1041 3161 1104 experrectum,
3193 1054 3315 1093 sues
3340 1040 3396 1095 in
3425 1060 3540 1113 pas-

1946 1119 2049 1159 cua
2097 1105 2294 1162 ducere
2340 1126 2465 1166 cum
2515 1116 2878 1187 przecepisset,
2934 1138 3070 1192 puer
3117 1125 3208 1180 siti
3259 1140 3542 1203 correptus

1945 1191 2450 1267 vehementissima,
2471 1202 2668 1272 raptim
2693 1221 2748 1258 se
2767 1205 2835 1260 ad
2857 1191 3078 1265 situlam
3102 1217 3355 1285 contulit,
3382 1219 3539 1276 haus-

1947 1287 2173 1353 tumque
2201 1284 2417 1342 laticem
2445 1289 2647 1362 absque
2672 1295 2928 1352 salutaris
2958 1303 3332 1370 prmmissione
3360 1307 3538 1378 signa-

1944 1370 2054 1425 culi
2091 1370 2474 1433 incunctanter
2502 1380 2808 1455 absumpsit
2835 1404 2845 1440 :
2880 1386 2957 1443 ita
2986 1389 3069 1445 vis
3097 1392 3309 1450 ardoris
3341 1396 3536 1466 (insti-

1945 1471 2122 1534 gante,
2149 1474 2210 1520 ut
2232 1466 2423 1538 liquet,
2447 1468 2718 1545 daemone)
2746 1476 3015 1534 medullas
3043 1482 3404 1542 adolescentis
3437 1488 3536 1546 in—

1942 1560 2172 1606 vaserat.
2225 1553 2546 1626 Lugendum
2594 1559 2791 1619 dictu!
2851 1581 2962 1622 uno
3016 1569 3182 1627 miser
3236 1575 3536 1650 eodemque

1942 1638 2144 1696 haustu
2189 1652 2241 1700 et
2287 1653 2492 1716 pestem
2537 1651 2764 1720 glutivit
2807 1661 2860 1709 et
2904 1661 3200 1728 poculum:
3242 1638 3534 1724 confestim

1942 1747 2177 1802 namque
2202 1733 2392 1791 allisus
2418 1752 2449 1790 a
2472 1736 2740 1810 daemone,
2763 1750 3049 1819 tortusque
3079 1749 3410 1824 diutissime,
3433 1774 3534 1814 ca-

1941 1819 2084 1874 tenis
2115 1820 2410 1893 addicitur,
2444 1827 2808 1905 claustrisque
2839 1836 3196 1896 validissimis
3221 1842 3529 1903 cohibetur.

2010 1905 2097 1961 47.
2131 1908 2380 1983 Cumque
2411 1931 2505 1986 per
2534 1924 2749 1991 tempus
2776 1923 2999 1996 aliquod
3044 1927 3340 2001 irrequieta
3375 1933 3531 1990 miseo

1940 1991 2021 2046 ria
2068 2006 2372 2067 urgeretur,
2417 2004 2722 2062 salubriore
2771 2021 3022 2080 parentes
3065 2017 3234 2074 aﬁlati
3274 2023 3528 2092 consilio,

1937 2080 2006 2135 ad
2052 2083 2474 2143 famosissimam
2524 2093 2584 2146 B.
2619 2095 2876 2154 Germani
2909 2105 3229 2160 memoriam
3261 2109 3531 2167 deducen-

1938 2168 2068 2224 dum
2117 2171 2475 2232 decreverunt
2501 2197 2515 2246 ;
2557 2182 2842 2242 credentes
2895 2205 3056 2261 quam
3103 2195 3384 2253 verissime
3430 2199 3529 2256 im-

1939 2260 2172 2316 mundos
2211 2263 2440 2332 spiritus
2483 2270 2622 2324 sacri
2672 2260 2920 2344 corporis
2966 2283 3269 2348 praesentire
3314 2287 3526 2358 cedere,

1934 2349 2092 2422 cujus
2122 2352 2384 2410 virtutem
2427 2365 2481 2413 et
2515 2360 2710 2417 merita
2743 2367 3029 2424 constabat
3061 2387 3152 2428 eos
3186 2373 3529 2447 frequentius

1933 2439 2236 2510 expavisse.
2266 2443 2325 2498 Id
2351 2461 2476 2501 cum
2507 2447 2782 2519 fecissent,
2811 2455 3133 2526 applicitum
3155 2465 3274 2519 solo
3295 2482 3522 2537 puerum

1932 2535 2058 2583 ante
2107 2531 2418 2602 sepulcrum
2470 2539 2782 2596 venerabile
2836 2560 3220 2619 porrexerunt,
3269 2561 3524 2612 votorum

1931 2634 2201 2674 summam
2257 2622 2503 2680 ubertate
2560 2629 2826 2688 orationis
2881 2643 2934 2690 et
2988 2636 3216 2695 ﬂetuum
3265 2643 3526 2702 obnixius

1930 2719 2338 2781 prosequentes.
2373 2715 2588 2773 Fratres
2621 2735 2855 2792 quorum
2892 2733 3006 2780 erat
3045 2729 3213 2788 ofﬁcii
3252 2733 3525 2805 religiosis

1930 2801 2111 2858 locum
2143 2805 2392 2863 excubiis
2424 2807 2733 2882 observare,
2765 2822 2819 2870 et
2848 2818 3094 2874 cruciatu
3124 2822 3280 2892 pueri
3324 2832 3378 2880 et
3419 2841 3525 2897 pa—

1927 2902 2143 2949 rentum
2175 2896 2470 2956 devotione
2501 2904 2754 2973 permoti,
2797 2908 3064 2964 accedunt
3100 2911 3390 2982 cominus;
3433 2915 3524 2972 ad-

1925 2978 2228 3054 hibitisque
2254 2987 2641 3047 ecclesiasticis
2669 2995 3014 3066 exoreismis,
3040 2999 3289 3058 levamen
3321 3004 3522 3062 misero

1923 3085 2019 3140 per
2049 3071 2187 3128 sacri
2221 3074 2485 3133 virtutem
2517 3082 2768 3151 praesulis
2794 3083 3175 3154 deprecantur.
3201 3090 3523 3151 Permodico

1922 3157 2070 3214 horae
2103 3161 2507 3221 interveniente
2535 3169 2835 3237 curriculo,
2868 3173 3042 3244 surgit
3070 3174 3399 3247 incolumis;
3434 3181 3520 3236 las-

1867 3249 1884 3268 ‘
1915 3246 2099 3318 tisque
2129 3252 2449 3320 parentibus
2479 3263 2746 3328 perceptae
2775 3275 2960 3315 secum
2993 3263 3184 3320 retulit
3214 3246 3410 3336 gaudia
3439 3285 3518 3325 sa-

1916 3336 2125 3395 uitatis.
2158 3342 2462 3414 Supersunt
2492 3345 2764 3420 hodieque
2792 3353 3207 3424 quamplurimi,
3239 3359 3335 3430 qui
3356 3376 3414 3416 se
3440 3361 3518 3418 rei

1916 3436 2077 3498 gestae
2123 3429 2458 3503 interfuisse,
2506 3436 2639 3493 satis
2675 3437 2913 3495 subnixa
2953 3443 3220 3500 relatione
3249 3446 3514 3507 fatentur.

1985 3528 2073 3586 48.
2127 3532 2258 3588 Rem
2308 3542 2360 3590 et
2408 3537 2636 3594 omnino
2686 3541 2988 3598 cavendam
3039 3552 3093 3600 et
3139 3546 3397 3618 plurimis
3434 3552 3514 3607 in.

1914 3629 2238 3679 cunctanter
2275 3634 2555 3697 expertam
2601 3629 2878 3701 praterire
2921 3630 3187 3704 injurium
3235 3636 3511 3712 duxerim,

1913 3725 2041 3766 cum
2089 3721 2301 3770 constet
2349 3715 2407 3770 in
2449 3716 2611 3773 rebus
2657 3735 2873 3792 quoque
2917 3722 3165 3779 minimis
3209 3727 3508 3786 maximam

1915 3801 2195 3859 interdum
2225 3806 2467 3862 eminere
2497 3807 2703 3865 divina;
2732 3811 2956 3868 virtutis
2983 3813 3344 3874 evidentiam.
3372 3818 3511 3878 Cum

1913 3890 2063 3947 enim
2113 3897 2443 3954 sacrosancti
2488 3899 2808 3955 memoriam
2858 3902 3188 3960 confessoris
3229 3907 3514 3962 continuis

1913 3977 2063 4035 intro
2093 3992 2358 4058 extroque
2389 3988 2566 4058 palam
2599 3988 2670 4044 sit
2700 3989 2912 4045 radiare
2949 3992 3252 4063 miraculis,
3289 3994 3346 4051 in
3377 4012 3512 4068 per-

1909 4064 2065 4136 juros
2112 4087 2327 4143 quoque
2371 4091 2477 4130 non
2526 4079 2706 4149 segnis
2751 4081 3013 4150 probatur
3051 4083 3198 4139 ultor
3235 4085 3507 4154 existere;

1913 4162 1975 4209 ut
2023 4156 2236 4227 liquido
2287 4161 2546 4228 emineat,
2603 4173 2920 4222 sanctorum
2974 4171 3202 4240 pignora
3253 4173 3511 4231 humanis

1913 4240 2194 4300 interdum
2243 4246 2466 4303 ausibus
2512 4264 2624 4304 non
2671 4249 2897 4320 impune
2946 4253 3188 4309 lacessiri
3227 4275 3238 4311 :
3286 4275 3411 4313 nam
3458 4262 3504 4314 si

1911 4335 2036 4406 quis
2083 4342 2177 4391 aut
2224 4336 2544 4408 cupiditatis
2592 4338 2801 4409 illectu,
2849 4348 2944 4396 aut
2990 4342 3164 4398 animi
3210 4347 3507 4416 pertinacis

1912 4423 2173 4496 impulsu,
2228 4426 2514 4487 mendacio
2573 4429 2907 4500 patrocinari
2965 4430 3253 4502 deﬁniens,
3310 4436 3502 4492 saltem

1909 4511 1967 4566 in
2017 4515 2236 4569 armilla
2276 4514 2460 4586 januae
2493 4526 2513 4552 ³
2554 4516 2945 4588 jusjurandum
2983 4521 3204 4594 explere
3245 4539 3502 4594 praesum-

1907 4603 2096 4672 pserit,
2129 4603 2279 4661 hunc
2312 4605 2458 4677 quod
2502 4608 2572 4664 sit
2610 4624 2735 4664 reus
2769 4607 3021 4680 perjurii,
3063 4618 3182 4668 tum
3223 4613 3301 4668 rei
3345 4615 3499 4670 fami-

1907 4692 2059 4750 liaris
2098 4694 2408 4768 dispendio,
2448 4705 2567 4754 tum
2598 4715 2872 4771 corporeae
2910 4699 3111 4758 damno
3140 4703 3496 4776 valetudinis,

1904 4782 2108 4856 absque
2165 4785 2454 4857 dilatione,
2520 4788 2844 4862 pedissequa
2898 4792 3129 4866 corripit
3179 4794 3339 4863 ultio,
3399 4794 3498 4851 du-

1902 4871 2086 4944 risque
2141 4872 2446 4947 implexum
2500 4876 2757 4948 nexibus,
2815 4887 2910 4935 aut
2962 4881 3071 4937 cita
3123 4883 3497 4944 satisfactione

1903 4959 2163 5031 liberum,
2199 4971 2294 5019 aut
2323 4965 2578 5036 proximo
2604 4965 2833 5023 interitu
2858 4968 3026 5025 efﬁcit
3044 4971 3491 5030 condemnatum.

1899 5048 1961 5105 Id
2004 5067 2115 5108 non
2165 5052 2364 5124 integri
2408 5055 2587 5110 solum
2630 5056 2880 5128 corporis
2919 5059 3208 5129 praesentia
3249 5060 3489 5128 meruit;

1898 5156 2090 5196 verum
2139 5141 2304 5198 etiam
2361 5142 2675 5217 ubicunque
2725 5147 2972 5202 locorum
3019 5147 3326 5204 sanctitatis
3375 5147 3494 5220 ejus

1895 5229 2162 5286 memoria
2190 5232 2412 5302 colitur,
2445 5234 2765 5290 reverentiae
2795 5241 3010 5292 tantum
3040 5235 3312 5305 obtinuit;
3341 5245 3404 5293 ut
3433 5236 3490 5292 in

1900 5409 2170 5490 Germani,
2203 5411 2271 5466 ad
2297 5409 2522 5492 januam
2552 5412 2695 5494 foris.
2723 5413 3047 5499 consistens,
3076 5423 3149 5499 oet
3187 5416 3274 5499 vel
3316 5431 3488 5499 annu-

1895 5482 2009 5536 lum
2035 5478 2218 5562 januae
2245 5478 2588 5553 contingens,
2613 5479 2852 5569 pejerare
2879 5502 2941 5569 ac
2968 5478 3088 5542 falsi
3119 5489 3486 5569 testeminvo-

1891 5569 2013 5607 care
2053 5552 2196 5608 ausit
2235 5552 2485 5611 sanctum
2536 5552 2843 5626 praesulem,
2890 5558 3024 5613 hunc
3069 5560 3209 5630 quod
3255 5560 3322 5613 sit
3367 5578 3488 5615 reus

1885 5623 2138 5694 perjurii,
2171 5632 2274 5680 etc.
