4074 6186
519 282 655 343 1231

1530 268 1768 326 HERICI
1806 261 2126 322 MONACHI
2162 249 2819 319 ANTISSIODUBENSIS

3681 233 3840 292 1262

513 437 761 504 basilica,
812 430 1070 490 Germani
1116 432 1431 486 consecrata
1473 423 1721 489 nomine,
1769 435 1932 476 nemo
1969 418 2102 487 fere,
2134 417 2184 475 A
2214 419 2294 468 est
2329 430 2340 467 :
2378 409 2579 465 horum
2609 405 2667 460 in
2695 399 2930 471 collegio
2970 394 3169 453 surdus
3214 390 3439 504 quidam
3484 387 3838 452 advenerat;

2292 501 2301 504 -
2583 493 2617 504 ..
2679 492 2694 504 .
2953 486 3228 504 ,,x‘-.__-.
3330 478 3588 504 unum...“
3657 480 3838 504 ..Ληιη

513 524 736 583 tametsi
767 519 1225 586 immanissimus,
1256 514 1451 571 audeat
1481 510 1739 585 pejerare.

584 618 675 676 49.
707 618 825 673 Jam
856 632 987 671 vero
1025 615 1171 670 circa
1212 611 1385 684 ipsius
1432 616 1584 681 septa
1623 606 1859 679 sepulcri
1905 609 2110 677 quanta

516 726 572 765 se
603 707 810 763 virtute
838 711 1160 776 praesentem
1190 700 1467 764 exhibeat,
1512 699 1570 754 hi
1608 698 1849 753 maxime
1888 702 1942 750 et
1984 693 2112 750 evi—

517 800 709 855 denter
740 796 954 867 experti
985 800 1134 861 sunt,
1159 792 1362 864 quibus
1390 789 1657 861 ejusdem,
1680 796 1741 845 ut
1759 803 1886 842 vere
1905 784 2111 849 dicam,

517 887 693 944 sancti
745 892 1061 941 sanctorum
1116 880 1369 953 specialis
1414 888 1494 934 est
1537 877 1796 949 deputata
1840 871 2109 930 custodia.

517 977 854 1047 Frequenter
898 986 1136 1042 namque
1183 970 1365 1025 oleum
1410 966 1679 1037 lampadis
1726 974 1850 1021 ante
1897 977 2113 1018 sacrum

516 1064 796 1120 tumulum
827 1058 1188 1132 dependentis
1216 1056 1527 1113 excrevisse
1556 1054 1957 1127 deprehensum
1995 1057 2112 1117 est;

517 1173 644 1213 cum
690 1152 1008 1227 quindecim
1052 1151 1225 1207 ferme
1263 1149 1460 1206 diebus
1489 1146 1832 1219 totidemque
1862 1143 2118 1200 noctibus

521 1245 923 1302 inexstinctum
981 1258 1230 1309 manens,
1285 1240 1430 1296 nihil
1492 1235 1902 1294 imminutionis
1959 1239 2119 1307 pate-

521 1342 692 1392 retur.

592 1433 683 1491 50.
732 1431 878 1488 Illud
935 1444 1151 1504 quoque
1206 1444 1319 1485 non
1376 1424 1716 1498 negligenter
1770 1419 2122 1487 excesserim,

523 1528 786 1597 quantam
832 1520 984 1576 locus
1027 1534 1179 1574 sacer
1216 1515 1608 1589 obsequiorum
1648 1513 1833 1584 exigat
1876 1510 2124 1581 diligen—

523 1596 693 1680 tiam;
740 1609 877 1665 adeo
923 1615 1003 1677 ut,
1046 1608 1090 1663 si
1130 1608 1434 1673 lucernam,
1475 1620 1594 1677 quae
1633 1602 1851 1675 prOprie
1889 1596 2124 1655 sanctis-

526 1701 666 1757 simo
704 1697 947 1755 deservit
978 1695 1217 1769 corpori,
1249 1711 1346 1767 per
1374 1702 1592 1750 noctem
1626 1688 1905 1761 exstingui
1935 1684 2127 1743 conti-

2217 501 2306 558 cui
2358 513 2485 556 cum
2548 492 2702 550 aliud
2756 505 2867 545 non
2921 486 3231 557 suppeteret
3286 478 3616 550 hospitium,
3657 480 3843 530 noctu

2218 599 2343 648 ante
2402 588 2547 643 fores
2601 577 2867 643 ecclesiae,
2912 572 3095 646 lapide
3140 569 3308 642 capiti
3359 565 3674 638 supposito,
3724 579 3846 620 cu—

2220 678 2464 736 bitavit:
2522 673 2612 729 die
2658 668 2872 726 reddito
2918 676 3175 720 somnum
3218 657 3412 724 exuit;
3466 669 3735 725 moxque,
3787 667 3847 707 se

2221 764 2526 826 beatissimi
2574 757 2833 818 Germani
2883 756 3114 812 obtentu
3174 749 3377 806 damno
3433 746 3678 803 caruisse
3729 759 3848 799 au-

2221 858 2386 924 rium,
2420 851 2702 925 impendio
2747 849 2960 903 laetatus
3005 849 3109 898 est.
3159 837 3340 911 Lapis,
3388 835 3508 907 ejus
3555 832 3849 903 subjectus

2224 946 2410 1019 capiti,
2447 923 2676 1014 receptae
2705 938 2840 994 tulit
2868 931 3254 991 testimonium
3286 926 3533 993 sanitati,
3567 923 3744 997 quod,
3781 938 3849 977 eo

2227 1046 2498 1108 surgente,
2530 1046 2724 1090 cruore
2754 1029 3007 1101 perfusus
3032 1021 3309 1095 apparuit.
3368 1020 3474 1075 Pro
3514 1023 3851 1088 recuperata

2228 1137 2403 1193 salute
2441 1132 2657 1188 votivas
2685 1128 2795 1199 egit
2824 1122 3048 1198 gratias,
3092 1124 3545 1188 maturantesque
3587 1114 3698 1170 iter
3745 1128 3851 1168 so—

2228 1230 2344 1286 cios
2376 1227 2761 1282 incunctanter
2780 1223 3103 1291 prosecutus
3122 1223 3225 1271 est.
3250 1210 3394 1268 Huic
3422 1209 3500 1265 rei
3531 1208 3846 1265 multorum

2229 1320 2431 1386 adhuc,
2489 1315 2585 1390 qui
2647 1312 2705 1370 id
2756 1312 3065 1383 inspexere,
3124 1304 3489 1379 superstitum
3546 1298 3851 1373 praesentia

2231 1410 2579 1480 suffragatur.

2305 1528 2392 1585 53.
2426 1528 2488 1583 In
2518 1540 2655 1597 pago
2684 1515 2979 1585 Laticensi,
3002 1512 3099 1588 qui
3138 1508 3455 1583 Lingonicaa
3484 1505 3669 1597 defert
3697 1502 3851 1597 dioe-

2234 1619 2345 1674 cesi
2378 1593 2569 1689 (vulgo
2596 1593 2660 1667 de
2690 1605 2971 1679 Langres),
3006 1600 3214 1660 fundus
3242 1608 3324 1656 est
3351 1595 3702 1663 notissimus,
3735 1593 3850 1648 La-

2235 1687 2457 1769 driacus
2483 1705 2729 1771 nomine,
2770 1698 2916 1773 apud
2949 1713 3110 1770 quem
3142 1693 3371 1752 ecclesia
3403 1700 3485 1749 est
3514 1687 3688 1760 hujus
3715 1701 3849 1759 pre-

528 1789 689 1863 gerit,
736 1788 891 1844 nulla
936 1786 1287 1857 indulgeatur
1326 1782 1648 1839 custodibus
1687 1778 1922 1851 requies,
1972 1775 2125 1831 nulla
2155 1783 2200 1842 B
2236 1793 2523 1857 tiosissimi
2545 1792 2795 1866 praesulis
2817 1795 3026 1846 sacrata
3050 1782 3397 1860 pignoribus,
3426 1795 3550 1853 qua,
3583 1784 3847 1833 montano

527 1876 777 1950 potiendi
834 1891 1028 1932 somno
1084 1873 1338 1941 facultas,
1399 1872 1575 1928 donec
1628 1868 1829 1925 defecti
1882 1866 2128 1937 impensa

530 1966 757 2022 luminis
810 1964 1120 2020 accuratius
1168 1968 1470 2031 reparatur.
1524 1957 1810 2012 Interdum
1864 1964 2127 2025 tanquam

529 2052 814 2124 cujusdam
863 2066 1059 2104 manus
1107 2049 1352 2118 impulsu
1400 2045 1688 2100 molestius
1734 2044 2123 2114 impetuntur;

531 2152 593 2199 ut
621 2140 832 2198 nemini
863 2138 1090 2209 impune
1120 2136 1373 2192 dubitare
1405 2135 1590 2202 liceat,
1624 2132 1807 2190 debita
1838 2134 1959 2187 loco
2006 2146 2130 2185 ser-

533 2232 671 2290 vitia
699 2245 810 2286 non
841 2228 1023 2300 inepte
1052 2243 1155 2282 nec
1184 2224 1421 2296 segniter
1458 2220 1780 2279 exercenda.
1822 2219 1968 2287 Quid
2006 2233 2131 2273 me-

535 2338 764 2389 morem,
812 2317 1112 2376 nonnullos
1158 2323 1284 2372 ante
1329 2312 1495 2387 hujus
1536 2310 1825 2370 reverendi
1863 2326 2010 2366 aram
2053 2325 2130 2364 se-

535 2414 714 2490 pulcri
766 2414 827 2469 in
881 2411 1129 2468 oratione
1192 2408 1457 2465 secretius
1511 2404 1955 2479 procumbentes,
2024 2399 2133 2457 loci

535 2520 807 2565 concussu
859 2517 1082 2575 precum
1137 2498 1435 2555 efﬁcaciam
1459 2540 1473 2565 ,
1533 2494 1880 2565 coelestisque
1942 2507 2134 2563 respe—

536 2605 688 2654 ctum
738 2592 1022 2649 facilitatis
1070 2588 1451 2662 persensisse?
1500 2587 1712 2643 Omitto
1769 2583 1910 2640 sacri
1968 2581 2135 2653 hujus

535 2683 783 2742 nominis
813 2679 1222 2737 invocationem
1253 2677 1446 2734 multis
1474 2691 1693 2749 quoque
1725 2672 2044 2731 absentibus
2072 2687 2135 2728 ac

539 2776 784 2848 periculo
813 2772 1084 2843 proximis
1112 2769 1539 2842 praesentissima
1568 2766 1905 2824 subvenisse.

608 2873 697 2927 51.
758 2871 837 2924 De
888 2882 1027 2938 pane
1080 2882 1214 2921 vero
1267 2866 1509 2936 ejusdem
1567 2865 1805 2923 coenobii
1853 2863 2029 2920 multa
2084 2869 2137 2917 et

541 2961 680 3017 mira
724 2955 1111 3031 languentibus
1165 2955 1410 3012 remedia
1462 2957 1775 3027 provenire,
1834 2953 2137 3025 pervulga—

538 3049 814 3109 tissimum
868 3055 988 3115 est;
1043 3046 1179 3103 adeo
1222 3053 1306 3115 ut,
1360 3044 1406 3101 si
1467 3043 1612 3118 quis,
1669 3059 1979 3118 quanquam
2032 3041 2138 3097 de-

539 3141 805 3199 cumbens
866 3136 1230 3203 validissime,
1289 3133 1457 3207 hujus
1513 3134 1786 3190 afﬁciatur
1841 3130 2134 3200 desiderio,
2170 3144 2213 3204 ο

539 3228 981 3287 efﬁcacissimum
1036 3241 1151 3282 esse
1197 3225 1415 3281 reducis
1464 3232 1688 3298 putetur
1734 3221 2003 3279 indicium
2052 3237 2134 3277 so-

539 3318 773 3392 spitatis.
820 3317 937 3373 Hoc
977 3332 1092 3372 non
1122 3314 1431 3371 incolarum
1462 3312 1789 3371 ascrihimus
1818 3310 2130 3377 sanctitati;

538 3425 732 3464 verum
763 3414 819 3462 et
847 3405 1045 3461 devote
1074 3403 1476 3477 postulantium
1517 3402 1652 3459 ﬁdes
1695 3401 1945 3459 obtinere
1983 3400 2133 3467 talia,

538 3505 592 3554 et
644 3494 947 3553 beatissimi
1015 3493 1275 3551 Germani
1339 3492 1623 3561 meritum,
1689 3491 1847 3563 cujus
1912 3489 2135 3546 nomine

539 3587 697 3659 panis
723 3583 1068 3651 inscribitur,
1099 3583 1276 3638 multo
1305 3582 1451 3637 valet
1476 3588 1732 3654 praestare
1761 3579 1988 3650 majora.
2022 3580 2137 3634 Tua

541 3677 658 3733 haec
685 3685 817 3733 sunt
846 3691 1094 3742 munera,
1124 3673 1364 3741 Christe,
1394 3673 1490 3746 qui
1517 3674 1577 3728 in
1612 3682 1834 3730 tuorum
1865 3670 2137 3726 mirabilis

532 3783 596 3837 es
626 3765 835 3822 virtute
864 3771 1220 3831 sanctorum;
1260 3762 1503 3835 dumque
1546 3762 1646 3818 hos
1691 3760 1973 3817 miraculis
2014 3761 2138 3815 cla-

538 3854 722 3912 riﬁcas
773 3870 986 3921 eorum,
1045 3869 1146 3908 nos
1201 3851 1569 3907 imitationem
1629 3849 1955 3904 inﬂammas.
2011 3848 2138 3905 Ilaec

540 3944 608 4000 de
638 3943 747 4009 his,
776 3957 896 4012 quae
927 3942 1074 3997 circa
1100 3954 1315 3994 sacrum
1346 3937 1464 4007 ejus
1492 3954 1693 4009 corpus
1724 3944 1785 3993 ut
1810 3945 1958 4010 gesta
1986 3944 2135 4006 sunt,

538 4038 633 4085 aut
659 4035 944 4099 geruntur,
968 4032 1229 4098 excerpta
1259 4041 1423 4098 quam
1450 4025 1758 4095 verissime,
1790 4026 2003 4083 fastidii
2030 4026 2137 4082 for-

540 4117 703 4173 tassis
745 4132 965 4172 evasere
1002 4132 1259 4172 nauseam
1304 4118 1613 4188 patrocinio
1653 4118 1962 4175 brevitatis.
1997 4118 2139 4176 Hinc

540 4205 776 4281 paucula
802 4204 869 4261 de
900 4205 1013 4261 illis
1038 4205 1191 4275 locis,
1215 4205 1273 4260 in
1298 4206 1497 4279 quibus
1518 4206 1637 4279 ejus
1661 4215 1994 4264 venerantur
2014 4208 2135 4263 reli-

540 4297 685 4370 quiae
703 4305 724 4330 τ·
752 4294 1204 4368 perstringentes,
1238 4294 1308 4351 ad
1338 4294 1513 4352 libelli
1546 4294 1716 4353 ﬁnem
1748 4296 1904 4355 ocius
1932 4311 2140 4369 prope-

541 4401 744 4442 ramus.

1171 4522 1399 4583 CAPUT
1438 4521 1508 4584 V.

546 4617 821 4682 Miracula
861 4619 919 4676 in
955 4617 1083 4677 aliis
1122 4621 1178 4677 S.
1222 4621 1475 4762 G’ernttgni
1501 4639 1600 4695 per
1640 4624 1875 4681 Galliam
1918 4623 2144 4680 ecclesiis

1288 4709 1351 4748 ac
1414 4735 1425 4748 .

1288 4709 1425 4748 acra.

619 4807 709 4865 52.
769 4805 833 4863 In
888 4806 1141 4864 coenobio
1204 4806 1563 4866 Meleredensi
1600 4813 1626 4849 δ
1682 4811 1857 4885 major
1915 4815 2143 4872 ecclesia

550 4895 717 4969 hujus
745 4896 1242 4969 praecellentissimi
1272 4898 1449 4954 Patris
1490 4899 1717 4956 nomine
1755 4900 2004 4959 dedicata
2042 4920 2144 4961 co—

551 4986 854 5059 gnoscitur.
906 4983 968 5042 Id
1013 4985 1328 5043 omnobium
1380 4988 1527 5059 genti
1574 4987 1865 5047 Britonum
1914 4992 2143 5051 Romam

552 5058 973 5147 infatigabiliter
1027 5077 1306 5148 expetenti
1359 5058 1413 5133 et
1467 5076 1723 5148 pervium
1772 5086 1827 5135 et
1873 5058 2144 5141 familiare

623 5216 663 5291 ἱ
680 5198 1098 5291 Xid‘e‘tu'qerg‘o
1137 5200 1492 5291 in‘singplis.
1520 5205 1787 5291 ecclesiis,
1836 5206 1904 5288 de
1945 5209 2145 5291 quibus

551 5272 1137 5398 Istunacuageltmliericus,
1173 5272 1390 5346 aliquid
1419 5275 1552 5331 olim
1586 5278 1753 5335 fuisse
1772 5272 2142 5353 reliquiarum

600 5383 612 5395 .
649 5359 918 5399 uermam.

625 5437 662 5498 gs
696 5414 1246 5498 Melgredejtsi,_.alias
1290 5419 1645 5498 Meleretertsi,
1690 5422 1994 5498 Melerensi,
2034 5432 2139 5482 etc.

555 5489 711 5567 punq
733 5486 899 5567 vulgo
928 5486 1177 5567 Montier,
1200 5488 1259 5545 in
1280 5507 1416 5562 pago
1438 5486 1936 5567 Antissiodorensi;
1965 5486 2031 5551 de
2051 5513 2142 5551 cu-

551 5551 1008 5637 jus‘fundatipne
1051 5551 1320 5637 Robertu‘s
1346 5551 1656 5637 ivnonachus
1688 5565 1749 5637 in
1776 5551 2143 5637 Chronologia

555 5624 701 5692 post.
731 5638 861 5682 ann.
897 5627 1017 5695 729,
1050 5637 1103 5684 et
1131 5630 1308 5688 fusius
1346 5633 1699 5691 Mahillonius
1736 5635 1792 5690 in
1832 5624 2142 5694 Annalibus

2173 4505 2222 4563 D

2237 1894 2343 1951 sita
2367 1892 2425 1947 in
2455 1887 2724 1955 culmine,
2756 1884 3097 1957 aliquantum
3147 1893 3179 1934 a
3220 1874 3358 1931 villa
3393 1871 3613 1943 longius
3655 1869 3841 1957 distat.

2237 1980 2604 2050 Quamobrem
2634 1956 2895 2031 nonnulli
2924 1965 3239 2043 Lingonicze
3289 1961 3553 2050 praesules
3596 1956 3845 2015 civitatis

2238 2046 2380 2129 hanc
2424 2068 2663 2133 diruere,
2714 2069 2768 2118 et
2820 2060 2985 2116 aliam
3039 2074 3138 2130 pro
3185 2070 3247 2110 ea
3295 2054 3443 2109 intra
3473 2048 3621 2104 villa
3650 2046 3846 2103 ambi—

2238 2172 2359 2220 tum
2389 2158 2696 2214 instaurare
2745 2149 2929 2208 conati
2976 2145 3284 2211 basilicam,
3327 2141 3533 2197 frustra
3576 2151 3845 2194 consum-

2241 2265 2393 2326 psere
2433 2259 2675 2319 operam,
2729 2256 2854 2297 cum
2906 2238 2963 2295 id
3011 2252 3123 2292 non
3171 2229 3361 2300 semel,
3410 2244 3513 2285 nec
3555 2226 3643 2282 bis
3683 2224 3846 2281 fuerit

2241 2315 2566 2399 attentatum
2623 2352 2635 2391 :
2708 2347 2836 2387 nam
2892 2326 3327 2403 quotiescunque
3381 2334 3600 2376 sacrum
3662 2315 3846 2371 altaris

2242 2431 2480 2505 lapidem
2511 2427 2580 2483 ob
2610 2422 2870 2498 reliquias
2899 2402 3194 2476 elevandas
3230 2427 3485 2470 amovere
3532 2413 3843 2473 tentarunt,

2243 2496 2397 2578 tanto
2416 2518 2561 2573 ﬁxus
2582 2496 2822 2587 pondere
2845 2505 3218 2581 perseveravit
3239 2501 3563 2569 immobilis,
3595 2506 3661 2554 ut
3692 2496 3847 2552 facile

2242 2611 2555 2667 adverteres
2592 2604 2883 2676 antiquum
2923 2598 3043 2654 loco
3090 2596 3303 2653 cultum
3349 2598 3598 2648 avertere
3645 2588 3848 2644 divinae

2243 2718 2356 2758 non
2388 2715 2503 2756 esse
2532 2695 2858 2769 permissum
2889 2686 3274 2763 providentiae.
3306 2684 3425 2753 Quo
3455 2682 3514 2738 in
3544 2682 3691 2748 loco,
3726 2695 3847 2735 cum

2245 2808 2458 2866 semper
2500 2791 2641 2848 mira
2682 2791 2976 2861 patrentur
3009 2791 3063 2839 et
3092 2780 3352 2846 maxima,
3403 2776 3462 2832 in
3505 2772 3849 2848 splendidis-

2246 2862 2385 2939 sima
2418 2890 2597 2938 tamen
2629 2876 2932 2937 festivitate
2962 2871 3333 2930 Kalendarum
3382 2864 3707 2924 Octobrium
3756 2862 3850 2919 di-

2246 2975 2378 3029 vina
2408 2969 2686 3044 copiosius
2714 2964 2983 3025 beneﬁcia
3008 2963 3207 3020 devote
3241 2956 3653 3018 conﬂuentibus
3683 2952 3848 3013 inhe-

2249 3069 2468 3120 runtur.

2314 3178 2403 3237 54.
2457 3175 2705 3244 Quodam
2753 3175 2938 3251 itaque
2972 3182 3238 3247 tempore,
3296 3186 3423 3230 cum
3482 3167 3553 3227 ad
3610 3164 3847 3241 praefata

2244 3267 2578 3331 celebritatis
2626 3283 2873 3324 annuum
2925 3266 3072 3323 diem
3117 3263 3354 3339 populus
3399 3276 3469 3317 ex
3514 3275 3669 3316 more
3709 3274 3849 3314 cou-

2244 3361 2457 3427 ﬂueret,
2488 3373 2553 3414 ex
2585 3357 2743 3426 villa,
2775 3356 2866 3413 cui
2905 3354 3321 3414 Marcenniacus
3364 3348 3700 3406 vocabulum
3750 3356 3847 3413 est,

2244 3451 2519 3523 distatque
2551 3465 2583 3505 a
2620 3447 2746 3505 loco
2792 3445 3144 3519 supradictoo
3182 3459 3297 3501 non
3337 3440 3666 3515 plurimum,
3725 3453 3848 3493 mu-

2248 3544 2437 3599 lierem
2493 3546 2708 3613 captam
2748 3536 2925 3594 oculis
2966 3535 3201 3609 contigit
3246 3534 3531 3592 interesse.
3577 3530 3704 3586 Haec
3752 3528 3849 3584 in-

2246 3648 2425 3704 gressa
2453 3630 2760 3697 basilicam,
2807 3626 3065 3699 precibus
3109 3642 3173 3683 ac
3214 3623 3363 3681 votis
3403 3620 3701 3680 uberrimis
3742 3634 3847 3675 sua:

2245 3718 2478 3776 caecitati
2518 3717 2824 3774 remedium
2856 3715 3166 3787 ﬂagitabat;
3201 3728 3435 3786 cumque
3463 3728 3632 3768 sacra
3660 3726 3693 3765 ι
3726 3707 3846 3764 ﬁde-

2246 3808 2392 3865 libus
2421 3808 2631 3878 vigiliae
2661 3806 2866 3864 debitis
2894 3815 3184 3879 agerentur
3228 3803 3446 3871 oﬁiciis,
3485 3800 3755 3857 universo
3796 3796 3846 3852 id

2246 3904 2523 3971 spectante
2553 3903 2851 3964 conventu,
2892 3894 3059 3968 coepit
3112 3910 3183 3952 ex
3229 3892 3347 3964 ejus
3387 3890 3564 3949 oculis
3594 3887 3847 3961 guttatim

2246 4003 2409 4044 cruor
2438 3986 2679 4043 eﬂluere.
2724 3987 2874 4041 Intra
2922 3984 3085 4041 horas
3130 3981 3486 4040 brevissimas
3531 3977 3851 4036 omnimoda

2246 4076 2493 4132 discussa
2548 4074 2823 4146 caligine,
2878 4073 3163 4130 redeuntis
3223 4070 3334 4128 diei
3387 4068 3553 4142 jubar
3608 4083 3848 4135 cernere,

2247 4172 2301 4220 et
2333 4165 2475 4221 clare
2515 4162 2703 4219 omnia
2730 4163 2919 4219 videre
2953 4161 3291 4236 promeruit;
3342 4160 3491 4216 diem
3529 4159 3682 4215 illam
3727 4172 3848 4228 gra-

2247 4254 2341 4311 tiis
2390 4255 2573 4327 exegit
2619 4261 2673 4312 et
2718 4253 3014 4322 laudibus;
3074 4252 3417 4326 peractisque
3470 4266 3585 4307 suae
3640 4263 3849 4322 repara-

2247 4344 2416 4402 tionis
2476 4342 2810 4402 salutaribus
2835 4386 2852 4414 ,
2922 4350 3181 4401 votorum
3238 4341 3402 4413 plena
3458 4337 3734 4395 remeavit
3785 4333 3852 4390 ad

2252 4452 2492 4508 proprla.

2325 4546 2415 4603 55.
2470 4550 2668 4602 Annus
2713 4560 2945 4618 sequens
2991 4542 3238 4616 ejusdem
3286 4541 3484 4617 gaudia
3530 4536 3854 4597 festivitat's

2249 4645 2555 4709 revexerat,
2605 4638 2859 4712 interque
2888 4635 3082 4694 turbas
3111 4634 3526 4709 properantium
3555 4630 3851 4705 quemdam

2252 4744 2321 4783 ex
2374 4728 2586 4784 familia
2632 4727 2808 4784 sancti
2853 4726 3164 4783 Mammetis
3203 4737 3248 4793 ο,
3295 4721 3541 4794 ejusdem
3591 4721 3853 4778 colonum

2252 4817 2425 4884 villae,
2455 4817 2767 4872 invalidum
2798 4823 3024 4889 totoque
3055 4830 3285 4886 corpore
3314 4810 3587 4883 reptilem,
3621 4806 3855 4879 contigit

2250 4905 2554 4963 advenisse.
2598 4906 2669 4974 Is,
2700 4904 2832 4960 dum
2874 4920 2932 4960 se
2974 4920 3044 4959 ex
3072 4903 3257 4959 animo
3285 4901 3352 4958 ad
3383 4902 3558 4956 Deum
3588 4896 3852 4961 contulit,

2250 4994 2397 5053 beati
2425 4993 2655 5051 obtentu
2692 4993 2942 5066 praesulis
2966 4993 3167 5050 nativae
3198 4987 3548 5048 rectitudinis
3595 4987 3854 5044 columen

2252 5085 2560 5142 multorum
2590 5084 2650 5141 in
2678 5084 2969 5158 praesentia
2985 5081 3351 5157 recuperavit.
3378 5076 3731 5148 Quotidiani,
3754 5084 3855 5133 ter-

2251 5212 2319 5268 ad
2349 5229 2439 5269 an.
2474 5212 2598 5282 721,
2629 5230 2685 5269 n.
2718 5213 2787 5270 47
2818 5221 2870 5269 et
2898 5212 3051 5269 alibi.

2283 5294 2345 5366 ἐξ
2374 5286 2428 5340 S.
2470 5277 2783 5366 gemmatis,
2818 5284 3251 5366 sivellfapmntis
3378 5279 3740 5366 subintellige
3769 5277 3855 5333 ba-

2251 5355 2439 5411 silicae.
2474 5355 2715 5411 Celebris
2744 5352 2802 5411 in
2833 5355 3029 5411 Galliis
3059 5355 3153 5411 hic
3186 5361 3398 5426 martyr
3432 5352 3635 5426 evasit,
3659 5366 3732 5407 ex
3748 5364 3852 5423 quo

2252 5427 2306 5507 ξ.
2333 5426 2682 5507 ltadegundis
2709 5427 2899 5507 regina
2930 5427 3189 5507 reliquias
3205 5424 3345 5507 ejus
3362 5424 3565 5481 saeculo
3595 5431 3759 5507 sexto
3788 5435 3856 5476 ex

2252 5496 2475 5579 Qriente
2490 5493 2937 5579 vobtinnitflfljus
2958 5493 3185 5554 nomine
3204 5493 3477 5579 Lingones
3493 5495 3703 5575 saeculo
3722 5493 3856 5574 duo.

2250 5567 2484 5637 decimo,
2518 5577 2640 5642 post
2668 5563 2982 5642 impetratae
3010 5584 3238 5642 quoque
3254 5563 3517 5642 reliquias
3556 5566 3679 5639 ejus
3722 5563 3857 5620 insi-

2250 5655 2399 5711 gues,
2431 5639 2798 5699 cathedralem
2826 5639 3114 5698 ecclesiam
3138 5639 3486 5699 dedicarunt.
