4074 6186
243 251 377 312 1233

1203 253 1298 309 DE
1336 253 1716 311 MIRACULIS
1755 254 1811 311 S'.
1859 253 2197 313 GERMANI.
2237 283 2307 295 —-
2344 253 2477 312 LIB.
2519 256 2562 312 Ι.

3403 256 3541 315 1234

239 407 399 476 tiani,
441 405 765 480 quartanive
818 406 978 479 typhi
1022 405 1239 462 assidue
1276 415 1527 479 percepta
1571 406 1833 476 remedia,
1864 410 1917 470 Α
1948 423 2184 479 moxque
2215 417 2537 479 prmsentem
2565 417 2790 483 experta
2814 412 3012 481 Deum,
3063 412 3410 471 naturalibus
3438 430 3540 471 or-

240 496 464 571 perenni
507 494 945 553 febricitantium
980 513 1250 553 concursu
1296 497 1481 552 locum
1527 497 1834 568 frequenta-

239 586 512 642 tissimum
534 585 849 653 reddidere;
882 602 1116 659 quorum
1144 602 1306 641 nemo
1324 586 1615 642 levaminis
1641 601 1835 658 expers

239 676 423 744 rediit,
456 676 709 750 quisquis
760 676 829 733 ad
887 685 1075 733 sancta
1124 676 1319 732 limina
1355 675 1462 732 fide
1507 677 1704 750 plenus
1749 692 1834 733 ac-

237 764 418 821 cessit.

304 874 394 930 56.
435 874 579 930 Loco
618 889 747 930 sane
780 873 884 943 illi,
918 874 1193 947 rebusque
1236 872 1304 929 ad
1334 889 1459 930 eum
1491 873 1833 947 pertinenti-

235 965 357 1034 bus,
390 964 717 1021 violentiam
754 982 868 1021 non
913 965 1277 1033 inferendam,
1310 966 1584 1022 temerarii
1629 967 1831 1039 quique

234 1056 442 1127 experti
480 1063 627 1110 sunt.
671 1054 917 1122 Quodam
960 1072 1195 1129 namque
1224 1072 1350 1112 cum
1381 1057 1494 1112 suis
1524 1055 1629 1112 iter
1657 1056 1833 1112 conti-

235 1152 438 1201 nuante
468 1144 786 1214 comitibus,
823 1163 969 1202 unus
1008 1163 1221 1215 eorum,
1255 1147 1343 1203 cui
1375 1147 1431 1201 id
1462 1163 1630 1218 genus
1660 1148 1827 1204 olﬁcii

229 1233 600 1302 incumbebat,
635 1250 822 1306 equos,
857 1235 1059 1307 quibus
1105 1236 1163 1291 in
1195 1235 1314 1307 ipso
1341 1236 1640 1291 utebantur
1668 1236 1827 1292 itine-

230 1342 305 1392 re,
339 1332 496 1397 prato
553 1326 795 1382 ecclesiae
855 1325 1116 1381 inducere
1172 1325 1491 1393 nitebatur;
1524 1326 1613 1383 cui
1647 1344 1768 1382 cum
1798 1344 1829 1383 a

229 1413 461 1487 quodam
494 1414 829 1470 rusticorum
882 1415 1093 1471 dictum
1144 1416 1359 1484 fuisset,
1391 1416 1535 1471 beati
1568 1416 1825 1472 Germani

227 1518 340 1558 esse
370 1511 607 1574 pratum,
639 1502 891 1574 tantique
920 1503 1166 1557 nominis
1196 1511 1446 1575 respectu
1476 1503 1542 1558 ab
1584 1503 1700 1575 ejus
1731 1504 1825 1559 in—

226 1590 448 1647 vasione
486 1591 865 1663 parcendum;
908 1592 1005 1648 ille
1063 1594 1229 1649 verba
1284 1592 1389 1648 sibi
1448 1602 1662 1650 tantum
1706 1593 1823 1649 dari

226 1682 566 1751 existimans,
625 1699 792 1755 equos
837 1683 1208 1740 nihilominus
1239 1684 1573 1741 introduxit.
1607 1684 1825 1739 Primus

1945 496 2097 568 ganis
2123 497 2378 552 restituta
2405 500 2709 555 convaluit.

2014 586 2102 640 Ex
2135 585 2267 641 villa
2304 586 2625 644 Lusciniaco
2668 589 2959 646 mulierem
3007 597 3128 646 toto
3171 599 3534 664 contractam,

1943 698 2188 755 corpore,
2220 680 2507 738 Teduisam
2538 685 2781 751 nomine,
2824 686 2969 741 fama
2999 686 3109 743 huc
3142 686 3537 743 miraculorum

1943 771 2263 828 adduxerat.
2314 772 2465 841 Haec,
2502 773 2647 830 beati
2702 775 2880 831 Patris
2928 777 3258 850 suffragante
3313 778 3532 847 merito,

1943 860 2313 916 membrorum
2350 861 2515 918 decus
2542 877 2668 918 cum
2697 862 3033 919 rectitudine
3064 874 3375 936 consecuta,
3408 883 3534 924 con-

1940 947 2107 1005 sciam
2138 965 2195 1005 se
2243 949 2410 1021 hujus
2450 949 2734 1007 beneficiis
2778 950 3019 1022 plurium
3051 952 3266 1009 dierum
3304 956 3534 1011 servitio

1940 1038 2257 1095 declaravit.

2012 1127 2188 1199 Hujus
2214 1143 2345 1183 sane
2382 1127 2490 1184 loci
2515 1143 2626 1183 non
2657 1143 2773 1183 esse
2816 1127 3125 1199 simplicem
3172 1130 3532 1202 majestatem,

1938 1216 2166 1287 plurimi
2201 1233 2439 1290 quoque,
2472 1217 2691 1273 diversa
2721 1217 2959 1274 febrium
2989 1220 3297 1276 accessione
3326 1222 3531 1291 vexati,

1937 1305 2136 1377 saepius
2161 1307 2552 1378 probaverunt.
2577 1307 2900 1364 Alcharium
2927 1308 3239 1381 quemdam,
3264 1317 3528 1381 quartano

1936 1395 2149 1468 impetu
2193 1394 2609 1468 desperabiliter
2659 1397 3047 1466 tabescentem,
3120 1399 3255 1455 illuc
3301 1400 3534 1471 contigit

1936 1485 2252 1541 advenisse:
2312 1486 2598 1542 ecclesiam
2637 1486 2829 1552 subiit,
2872 1487 3135 1544 excubias
3186 1489 3315 1560 egit,
3370 1504 3534 1563 seque

1935 1574 2315 1644 potentissima
2343 1574 2487 1630 beati
2524 1574 2701 1631 Patris
2720 1591 2821 1648 ope
2856 1592 3016 1649 quam
3050 1577 3334 1634 celerrime
3363 1577 3534 1649 sospi-

1937 1666 2034 1722 tati
2063 1667 2360 1733 redditum,
2398 1669 2713 1740 ingentibus
2742 1669 3034 1741 praeconiis
3062 1669 3387 1726 declaravit.

223 1772 319 1846 qui
350 1772 625 1844 ingressus
663 1780 768 1841 est,
799 1790 931 1828 mox
962 1782 1024 1831 ut
1060 1773 1285 1830 herbam
1316 1774 1574 1832 dentibus
1603 1775 1820 1847 carpsit,

2008 1758 2199 1830 Agius,
2230 1757 2476 1830 ejusdem
2498 1759 2606 1814 loci
2642 1760 2945 1831 presbyter,
2974 1759 3261 1815 tertianam
3291 1758 3389 1816 diu
3415 1774 3533 1831 pas-

224 1860 527 1918 damnabili
573 1861 923 1920 deformitate
968 1864 1234 1920 multatus
1279 1873 1377 1933 est,
1416 1865 1471 1920 in
1514 1865 1744 1937 eﬂigiem
1776 1866 1829 1921 Χ

223 1951 422 2009 littere
452 1953 707 2009 faucibus
730 1970 824 2025 per
846 1961 1219 2009 transversum
1251 1954 1519 2011 distortis.
1542 1956 1827 2028 Equorum

225 2049 435 2111 custos,
464 2044 711 2117 inspecto
742 2046 984 2115 negotio,
1032 2044 1275 2117 reliquos
1321 2061 1485 2118 quam
1539 2045 1825 2102 celerrime

216 2133 466 2206 abigens,
497 2141 831 2206 proventum
861 2135 940 2189 rei
995 2135 1223 2189 domino
1252 2136 1494 2191 nuntiat.
1527 2137 1577 2191 Is
1607 2138 1826 2193 offensae

214 2226 515 2299 paenitens,
557 2223 839 2279 candelam
875 2223 942 2279 ad
968 2225 1193 2278 modum
1220 2225 1434 2296 equinae
1460 2224 1826 2295 longitudinis

214 2332 319 2388 pro
349 2313 568 2387 piaculo
589 2312 812 2381 detulit,
836 2321 1134 2384 sanctoque
1158 2313 1503 2368 satisfaciens
1525 2313 1820 2382 Germano,

212 2405 467 2463 vehiculi
501 2403 563 2476 (ἰ.
596 2420 640 2460 e.
676 2401 828 2475 equi)
866 2402 1269 2475 reparationem
1299 2400 1564 2458 obtinuit.
1595 2402 1640 2455 E
1675 2402 1827 2457 mul-

158 2507 167 2514 ‘
213 2496 290 2552 tis
319 2510 490 2567 pauca
517 2492 969 2567 perstrinximus,
1003 2508 1071 2546 ne
1119 2492 1299 2547 locum
1352 2491 1523 2546 tantis
1554 2490 1824 2562 insignem

213 2583 527 2658 privilegiis
558 2583 866 2655 praeterisse
888 2580 1226 2637 videremur.

289 2690 378 2745 57.
412 2690 554 2746 Hinc
584 2687 925 2757 Pauliacum,
971 2687 1166 2743 villam
1212 2687 1356 2749 ruris
1408 2686 1693 2755 Seuonici,
1734 2688 1822 2742 vel

213 2779 664 2852 compendiosius
695 2794 1020 2846 memorare,
1053 2794 1165 2833 non
1194 2786 1307 2833 tam
1358 2777 1644 2833 vicinitate
1692 2778 1819 2846 loci,

214 2886 383 2943 quam
412 2868 679 2940 dignitate
725 2868 1134 2940 compellimur.
1186 2867 1417 2923 Fundus
1453 2866 1547 2922 ille
1578 2867 1658 2923 ad’
1674 2868 1823 2924 beati

214 2957 478 3014 Germani
524 2958 805 3030 pertinens
858 2965 1208 3030 potestatem,
1269 2957 1557 3013 ecclesiam
1606 2972 1823 3029 quoque

212 3047 383 3104 habet
412 3056 465 3105 et
498 3048 726 3104 nomine
767 3047 884 3120 ejus
927 3047 1220 3115 celebrem,
1254 3054 1307 3102 et
1339 3046 1641 3102 virtutibus
1670 3062 1821 3118 prae—-

212 3139 540 3204 cellentem;
584 3154 717 3211 quas
748 3137 1008 3211 quoniam
1038 3137 1124 3192 vel
1157 3136 1385 3192 diﬂicile
1431 3136 1517 3192 vel
1548 3134 1819 3208 impossi-

211 3227 329 3283 bile
359 3234 440 3283 est
486 3235 580 3282 aut
621 3244 874 3297 numero,
925 3236 1019 3284 aut
1049 3226 1241 3283 ordine
1270 3225 1561 3297 explicari,
1594 3224 1817 3280 omissis

214 3319 306 3386 iis,
338 3335 458 3392 quae
514 3320 783 3376 veteravit
830 3318 1150 3391 antiquitas,
1204 3333 1375 3390 pauca
1409 3332 1475 3371 ex
1510 3314 1622 3370 illis
1652 3331 1816 3387 quam

212 3409 496 3465 succincte
511 3410 908 3483 contingimus,
932 3411 999 3465 de
1020 3408 1220 3480 quibus
1241 3406 1286 3460 si
1306 3403 1517 3459 incidat
1536 3402 1811 3471 dubietas,

214 3499 576 3556 multitudine
596 3498 819 3555 testium
852 3496 1170 3550 obruemur.

287 3602 789 3664 Antissiodorensis
831 3599 954 3670 pagi
993 3600 1196 3665 accola,
1241 3597 1433 3652 Petrus
1465 3599 1812 3667 cognomine,

211 3694 599 3757 contractione
644 3706 877 3763 genuum
927 3688 1184 3743 amiserat
1226 3689 1532 3744 naturalem
1562 3705 1815 3746 comme-

211 3787 349 3845 andi
379 3800 562 3842 usum.
598 3783 741 3838 Vota
768 3779 1049 3851 concepit;
1082 3778 1150 3834 ad
1180 3786 1367 3836 sancta
1396 3780 1591 3835 limina
1621 3788 1815 3853 repta—

210 3877 439 3938 bundus
481 3873 746 3939 accessit;
800 3888 930 3926 mox
959 3869 1237 3926 debilitati
1286 3870 1625 3939 subtractus,
1658 3872 1813 3927 Beati

211 3964 475 4029 Germani
505 3961 811 4036 patrocinio
843 3978 901 4017 se
930 3959 1293 4033 promeruisse
1322 3959 1541 4030 gavisus
1578 3967 1658 4014 est
1688 3959 1814 4014 soli-

212 4060 341 4117 dam
370 4071 652 4131 gressuum
686 4051 1056 4109 iunctionem.
1090 4048 1346 4105 Sabbella
1391 4047 1599 4103 dudum
1644 4048 1815 4103 fami-

212 4150 374 4205 liaria
415 4161 676 4218 suspensa
719 4159 818 4217 pro
870 4140 1103 4208 foribus,
1154 4138 1234 4196 rei
1283 4144 1444 4211 gesta:
1492 4144 1814 4210 argumento

214 4238 369 4293 fuere
404 4235 635 4291 diutius.

286 4347 374 4401 Ex
403 4345 591 4401 vicino
640 4341 835 4409 fundo,
877 4338 967 4396 cui
1005 4337 1288 4394 Blaria'cus
1330 4333 1661 4393 vocabulum
1709 4342 1810 4402 est,

211 4435 435 4501 mulier,
476 4432 733 4488 Nonnula
760 4428 1005 4495 nomine,
1039 4432 1326 4482 contractu
1359 4422 1527 4480 totius
1563 4422 1813 4494 corporis

214 4517 438 4591 penitus
459 4515 782 4581 inofﬁciosa,
816 4513 885 4570 ad
922 4510 1170 4569 eamdem
1207 4508 1489 4566 basilicam
1520 4507 1812 4580 gestatorio

212 4626 272 4665 se
299 4606 577 4673 contulit;
610 4619 851 4676 moxque
877 4600 1023 4658 beati
1055 4598 1317 4657 Germani
1362 4597 1560 4653 merito
1612 4597 1811 4653 oﬂiciis

213 4696 473 4752 restituta
506 4692 849 4760 decentibus,
895 4699 950 4747 et
986 4688 1181 4746 salutis
1228 4694 1281 4744 et
1310 4685 1493 4761 gaudii
1524 4684 1685 4758 plena
1722 4701 1810 4740 re-

211 4785 397 4843 cessit.

286 4893 376 4950 58.
408 4891 596 4948 Altera
622 4887 867 4961 ejusdem
898 4885 1048 4942 villae
1081 4883 1300 4952 mulier,
1330 4882 1472 4939 Alda
1508 4898 1577 4939 ex
1605 4895 1812 4955 paren—

217 4983 366 5043 tibus
418 4986 753 5051 nuncupata,
805 4974 1175 5032 nihilominus
1224 4972 1492 5030 contracti
1565 4970 1811 5044 corporis

213 5075 416 5132 damna
465 5071 778 5141 deplorans,
829 5064 1125 5137 gestatoria
1170 5079 1227 5118 se
1276 5063 1409 5120 illuc
1448 5061 1580 5117 ferri
1612 5061 1806 5133 petiit:

212 5172 398 5236 atque,
448 5158 731 5233 praesentis
787 5154 1045 5226 suffragio
1098 5150 1384 5208 medicinae
1438 5149 1700 5205 membris
1751 5148 1811 5204 in

214 5254 459 5328 priscum
491 5248 834 5317 cedentibus,
866 5246 1056 5302 valens
1081 5259 1143 5300 ac
1166 5243 1291 5298 laeta
1319 5239 1588 5297 discessit.

285 5367 375 5423 Ex
402 5381 533 5438 agro
564 5359 1059 5429 Antissiodorensi,
1091 5357 1313 5415 Pratilis
1341 5355 1513 5424 dicto,
1540 5353 1673 5411 item
1706 5352 1823 5411 alia‘

216 5456 439 5525 mulier,
466 5452 746 5510 Berlindis
774 5451 1019 5519 nomine,
1042 5448 1271 5507 artubus
1302 5447 1420 5521 ipsa
1439 5461 1656 5520 quoque
1686 5461 1809 5501 con-

214 5545 427 5613 tractis,
458 5543 733 5618 praedictze
760 5542 1002 5598 basilicae
1022 5526 1281 5598 vehiculo
1310 5538 1490 5594 delata
1518 5535 1806 5601 successit;

215 5634 457 5692 orationi
490 5649 546 5690 se
580 5632 770 5700 dedit;
817 5637 945 5687 vota
990 5628 1135 5701 apud
1182 5628 1441 5684 Sanctum
1501 5623 1754 5698 deposuit
1794 5641 1806 5679 :

1938 1866 2029 1905 sus
2052 1849 2328 1917 inertiam,
2352 1857 2423 1913 ut,
2434 1865 2490 1905 se
2513 1850 2711 1906 devote
2732 1850 2801 1906 ad
2819 1852 2994 1907 Deum
3021 1851 3281 1919 contulit,
3306 1850 3536 1906 obtentu

1937 1938 2082 1994 beati
2124 1939 2372 2011 praesulis
2386 1940 2550 1996 celeri
2579 1940 2814 1996 donatus
2840 1940 3127 2009 beneficio,
3161 1940 3533 2012 importunam

1939 2042 2068 2082 mox
2099 2036 2303 2098 pestem
2339 2028 2591 2084 excessit.

2007 2115 2227 2181 Beatus,
2251 2115 2404 2186 ipsus
2430 2114 2672 2171 basilicae
2701 2115 2955 2183 clericus,
2979 2115 3302 2188 quotidiana
3322 2114 3534 2187 inquie-

1936 2203 2129 2257 tudine
2149 2203 2349 2258 acriter
2371 2204 2651 2274 fatigatus,
2685 2204 2903 2260 divinas
2934 2221 3030 2276 per
3057 2205 3279 2261 beatum
3312 2204 3534 2260 Germa-

1938 2307 2069 2345 num
2104 2290 2407 2346 medicinas
2454 2292 2723 2361 expetiit;
2769 2309 2934 2366 seque
2981 2301 3203 2365 repente
3237 2293 3536 2366 irrequieta.

1938 2377 2188 2433 molestia
2217 2385 2536 2449 exemptum
2576 2380 2767 2436 sensit.

2006 2464 2096 2521 59.
2132 2464 2189 2520 Si
2216 2465 2504 2521 universos
2532 2466 2677 2537 apud
2703 2466 2851 2524 hunc
2878 2469 3059 2525 locum
3098 2477 3286 2525 nostra
3312 2476 3534 2543 tempe-

1935 2562 2072 2610 state
2104 2554 2422 2627 hujusmodi
2465 2564 2679 2628 ereptos
2706 2558 3059 2615 incommodo
3090 2576 3393 2617 memorare
3426 2577 3533 2617 ve-

1933 2644 2055 2714 lim,
2086 2645 2321 2723 parabit,
2353 2647 2540 2715 credo,
2570 2647 2794 2703 taedium
2825 2650 3192 2707 numerositas
3228 2666 3532 2709 occurren-

1934 2736 2071 2792 tium
2113 2753 2487 2809 personarum.
2520 2740 2859 2797 Parcendum
2900 2742 3085 2815 itaque
3113 2744 3335 2814 talibus,
3368 2752 3531 2818 atque

1933 2826 2001 2882 ad
2032 2827 2241 2900 reliqua
2270 2829 2623 2886 mdiﬁcationi
2655 2831 2897 2902 proﬁcua
2930 2832 3364 2890 concedendum.

2002 2924 2263 2995 Ejusdem
2306 2927 2413 2981 loci
2446 2927 2663 2994 mulier,
2698 2927 2853 2983 Deda
2877 2930 3121 2997 nomine,
3156 2945 3336 2986 sacras
3364 2930 3530 2989 ferias

1935 3013 2297 3085 negligentius
2327 3021 2585 3082 tractans,
2622 3015 2793 3087 ipsam
2827 3032 3043 3089 quoque
3071 3017 3183 3073 diei
3224 3019 3528 3076 Dominicae

1849 3123 1892 3184 ρ
1932 3103 2290 3174 majestatem,
2319 3104 2649 3161 Christianis
2681 3104 2941 3161 omnibus
2969 3108 3299 3179 propensius
3330 3108 3527 3165 obser-

1930 3193 2189 3262 vabilem,
2221 3210 2352 3247 ausa
2379 3200 2459 3248 est
2491 3192 2732 3248 lanificio
2754 3193 2933 3249 usuali
2962 3195 3194 3253 violare.
3229 3196 3524 3253 Temerita-

1928 3288 2039 3336 tem
2072 3282 2251 3353 operis
2281 3280 2496 3353 excepit
2519 3280 2783 3337 continuo
2813 3282 3076 3339 severitas
3105 3284 3371 3340 ultionis:
3406 3301 3521 3341 ma-

1928 3388 2031 3427 nus
2061 3371 2129 3427 ad
2169 3371 2364 3428 illicita
2389 3379 2684 3437 consuetae,
2718 3374 3037 3429 necessariis
3066 3390 3197 3429 mox
3216 3374 3522 3431 destituun-

1928 3472 2017 3517 tur
2046 3461 2274 3529 olliciis;
2323 3470 2613 3534 actumque
2662 3468 2762 3529 est,
2813 3470 3005 3519 utnec
3050 3472 3257 3520 naturae
3302 3472 3523 3536 possent

1926 3551 2255 3619 satisfacere,
2288 3568 2408 3624 quae
2443 3552 2739 3608 Auctorem
2786 3560 2999 3608 naturae
3048 3552 3107 3608 in
3140 3553 3522 3626 profanatione

1925 3658 2035 3697 suae
2075 3642 2185 3698 diei
2216 3659 2325 3698 non
2356 3643 2656 3700 timuerant
2701 3659 3019 3716 provocare.
3051 3643 3293 3700 Tandem
3325 3644 3523 3700 misera

1924 3740 2136 3789 reatum
2182 3750 2502 3806 agnoscens,
2554 3734 2623 3789 ad
2672 3734 2819 3789 beati
2854 3734 3113 3791 Germani
3157 3752 3213 3792 se
3265 3734 3521 3806 suffragia

1925 3821 2194 3889 contulit;
2228 3839 2297 3878 ne
2326 3823 2454 3878 talia
2484 3821 2739 3896 deinceps
2767 3823 3011 3893 iteraret,
3043 3834 3173 3881 voto
3203 3840 3259 3880 se
3281 3824 3520 3896 interpo-

1924 3911 2030 3967 sito
2060 3912 2326 3984 obligavit
2352 3933 2364 3970 :
2407 3912 2829 3969 clementissimi
2857 3913 3038 3969 Patris
3068 3912 3336 3970 facilitate
3360 3900 3518 3967 misel

1924 3998 2218 4054 ricerdiam
2265 4012 2576 4069 consecuta,
2616 4003 2717 4059 sub
2763 4003 3086 4070 multorum,
3116 4008 3412 4074 conspectu
3466 4007 3521 4056 et

1924 4086 2212 4141 sanitatem
2235 4104 2495 4143 manuum
2520 4098 2573 4144 et
2592 4092 2844 4147 criminis
2874 4093 3095 4148 veniam
3121 4090 3443 4165 reportavit.

1997 4185 2257 4257 Ejusdem
2289 4184 2609 4256 impiatione
2629 4186 2741 4240 diei
2778 4188 3032 4242 Nonnula
3065 4188 3189 4258 [al.,
3224 4187 3516 4260 nonnulla]

1926 4276 2127 4331 mulier
2155 4273 2409 4329 manibus
2451 4273 2642 4327 itidem
2681 4272 2939 4328 contrahi
2988 4273 3210 4327 meruit.
3256 4274 3519 4329 Criminis

1924 4364 2142 4423 conscia
2188 4362 2472 4420 ecclesiam
2523 4361 2688 4428 adiit;
2726 4369 2856 4417 vota
2893 4360 3322 4434 multiplicavit;
3372 4359 3518 4415 beati
3569 4409 3576 4423 ,

1924 4455 2099 4512 Patris
2131 4452 2449 4509 interventu
2480 4449 2917 4507 incolumitatem
2961 4465 3088 4507 cum
3136 4448 3518 4506 emendatione

1922 4544 2048 4600 vitii
2078 4543 2303 4599 domum
2334 4542 2569 4597 revexit.

1992 4637 2127 4691 Item
2159 4633 2286 4701 alia,
2312 4630 2665 4703 Fredegardis
2696 4628 2941 4698 nomine,
2974 4626 3144 4685 simili
3167 4644 3264 4701 pro
3284 4626 3517 4686 crimine

1919 4723 2111 4781 eodem
2141 4724 2404 4779 mulctata
2436 4732 2517 4778 est
2542 4721 2845 4794 supplicio;
2888 4728 2942 4776 et
2984 4719 3115 4777 facti
3148 4719 3439 4793 pmnitens,
3463 4728 3519 4776 et

1920 4814 1987 4870 de
2018 4813 2395 4870 misericordia
2425 4828 2535 4867 non
2564 4812 2876 4884 desperans,
2918 4810 2987 4867 ad
3013 4811 3302 4884 praefatum
3333 4811 3516 4868 locum

1920 4918 1976 4958 se
2005 4903 2270 4969 contulit;
2306 4900 2501 4958 faciem
2536 4899 2822 4973 lacrymis,
2850 4901 3051 4957 caelum
3077 4900 3285 4973 gemitu
3314 4916 3519 4956 onera-

1921 4992 2028 5059 vit;
2064 4992 2312 5049 sacerdos
2341 4992 2448 5047 loci
2478 5008 2574 5064 pro
2607 4990 3016 5063 recuperatione
3040 4989 3280 5046 infelicis
3322 4988 3518 5061 publi-

1920 5098 2035 5137 cam
2060 5082 2363 5138 orationem
2393 5081 2683 5150 adhibuit;
2722 5081 2881 5138 beate
2928 5080 3331 5136 interveniente
3371 5079 3518 5136 Ger-

1923 5187 2111 5240 mano,
2152 5179 2206 5227 et
2250 5170 2484 5227 facinori
2523 5172 2741 5229 veniam
2793 5178 2847 5226 et
2904 5168 3161 5226 manibus
3211 5169 3518 5242 promeruit

1921 5260 2260 5334 sospitatem.

1992 5351 2080 5406 60.
2131 5350 2261 5417 Qua:
2309 5366 2437 5404 vero
2485 5348 2552 5403 ad
2596 5348 2779 5404 locum
2827 5347 2977 5403 hunc
3025 5345 3320 5419 pertinent,
3366 5362 3519 5403 sacra

1921 5459 2055 5510 esse,
2098 5457 2197 5498 nec
2245 5440 2302 5495 in
2350 5456 2482 5495 usus
2535 5447 2760 5495 caeteros
2803 5454 3087 5510 perperam
3118 5436 3513 5504 transferenda,

1921 5531 2193 5604 frequenti
2242 5537 2698 5603 praesumptorum
2766 5527 3126 5600 castigatione
3181 5526 3517 5600 patefactum

1920 5629 2020 5678 est.
2055 5621 2184 5677 Loci
2210 5618 2327 5691 ejus
2355 5618 2605 5675 sacerdos
2629 5618 2714 5691 (ut
2733 5618 2873 5675 solet
2892 5616 3275 5690 insipientium
3296 5616 3517 5673 animus
