4074 6186
496 221 637 287 H35

1486 208 1730 268 HERICI
1765 206 2086 266 MONACHI
2124 201 2786 265 ANTISSIODORENSIS

3662 196 3782 254 123
3795 196 3827 253 3

492 375 639 435 circa
666 370 798 430 talia
817 369 933 425 fore
961 362 1239 436 incautus)
1271 378 1341 419 ex
1373 359 1527 426 fune,
1550 376 1660 434 quo
1681 359 1898 431 signum
1921 357 2091 416 eccle-
2118 360 2170 419 A
2198 364 2316 412 tum
2348 352 2837 428 praesentissimum
2867 347 3148 405 afferebat.
3178 348 3395 404 Interea
3448 363 3481 403 a
3522 315 3835 404 nonnullis

494 468 590 524 sia
626 463 836 521 dudum
891 456 1099 532 pulsari
1153 458 1531 518 consueverat,
1599 448 1896 522 capistrum
1955 465 2095 522 equo

496 552 782 629 imposuit.
814 551 946 608 Mox
979 543 1195 619 liquido
1224 541 1445 608 claruit,
1496 555 1610 597 rem
1659 540 1827 596 semel
1863 555 2094 607 sacram,

497 642 814 703 domesticis
841 638 1035 695 usibus
1067 649 1180 690 non
1229 631 1476 689 decuisse
1525 629 1798 686 conduci:
1840 636 1903 685 ut
1949 629 2097 685 enim

499 735 704 809 equino
731 728 901 803 capiti
938 726 1225 784 inductum
1257 732 1357 790 est,
1380 727 1596 786 cuncta,
1623 738 1744 793 quae
1775 720 1925 776 funis
1954 735 2100 777 com~

501 826 697 899 plexus
717 821 914 887 fuerat,
953 816 1031 872 ita
1049 816 1343 886 derepente
1372 810 1661 883 absumpta
1699 818 1850 879 sunt,
1884 817 1947 866 ut
1978 809 2100 865 uni-

503 930 659 971 versa
701 928 829 970 caro
876 925 1002 966 cum
1050 905 1181 979 pilis
1225 914 1280 960 et
1315 910 1439 961 cute
1500 902 1705 959 ossium
1751 910 1913 958 tenus
1956 902 2101 957 ferro

503 1010 787 1078 putaretur
810 998 1008 1056 decisa.
1033 996 1125 1052 Sic
1157 1010 1330 1067 equus
1366 994 1459 1048 ille
1501 991 1786 1060 innoxius,
1820 991 2101 1048 temeritao

504 1093 577 1150 tis
600 1092 793 1147 alienae
822 1088 889 1145 de
913 1094 1110 1143 caetero
1130 1082 1374 1140 servavit
1397 1081 1631 1148 indicia;
1658 1081 1862 1153 quippe
1885 1082 1981 1153 qui
2003 1097 2104 1137 nec

504 1180 687 1240 carnis
706 1179 903 1252 plena,
925 1190 1027 1232 uec
1049 1172 1194 1231 cutis
1210 1171 1425 1237 solidae,
1452 1186 1555 1227 nec
1580 1169 1823 1243 pilorum
1846 1169 2102 1242 deinceps

506 1272 747 1344 recipere
776 1268 979 1326 meruit
1008 1272 1366 1323 recrementa.

577 1364 664 1419 Ex
710 1376 855 1428 rure,
908 1357 1000 1414 cui
1040 1355 1268 1413 Villaris
1312 1368 1513 1409 nomen
1546 1359 1648 1420 est,
1683 1350 1903 1419 mulier,
1934 1350 2107 1407 Maria

508 1450 753 1518 nomine,
782 1447 851 1504 ad
881 1448 1066 1503 locum
1091 1444 1241 1500 hunc
1270 1443 1371 1499 sub
1402 1449 1675 1514 praetextu
1706 1441 1975 1497 orationis
2003 1456 2106 1497 ac—

508 1539 696 1609 cessit,
756 1544 1026 1609 uactaque
1054 1531 1521 1606 opportunitatem
1556 1530 1849 1602 sacrilegii,
1876 1531 2107 1585 linteum

511 1630 580 1686 de
609 1628 842 1685 amboue
861 1623 1151 1692 subduxit,
1170 1622 1509 1695 domumque
1529 1637 1656 1677 cum
1677 1621 1825 1676 furto
1841 1636 2105 1692 regressa,

512 1719 771 1794 profanos
816 1732 971 1772 renes
1022 1730 1177 1770 sacro
1229 1719 1547 1783 tegumento
1586 1710 1898 1783 praecinxit.
1952 1710 2109 1766 Illico
2143 1728 2189 1787 Β

511 1811 643 1868 totis
688 1807 916 1865 artubus
961 1804 1250 1869 dissoluta,
1304 1818 1431 1859 cum
1478 1803 1814 1859 detrimento
1869 1801 2116 1874 corporis

512 1899 684 1955 sensit
710 1896 1056 1970 praesentiam
1078 1892 1329 1951 ultionis.
1362 1893 1491 1949 Mox
1522 1892 1652 1951 facti
1680 1892 1976 1965 paenitens,
2003 1907 2114 1947 rea-

511 1997 630 2046 tum
660 1987 905 2059 agnovit,
938 2002 1103 2057 seque
1122 1984 1186 2039 ad
1213 1984 1415 2051 locum,
1448 1999 1558 2055 quo
1586 1983 1726 2037 male
1749 1981 1901 2053 prius
1938 1996 2115 2036 acceso

515 2085 678 2143 serat,
711 2074 977 2146 reportari
1026 2073 1222 2145 petiit;
1273 2072 1495 2145 publice
1541 2070 1787 2126 confessa
1825 2068 2111 2137 delictum,

515 2163 789 2236 sacrilegii
818 2162 970 2219 nefas
1013 2161 1274 2233 lacrymis
1306 2159 1574 2233 expiavit.
1606 2157 1695 2215 Sic
1730 2156 2031 2213 sacerdotis
2062 2165 2114 2213 et

519 2253 706 2327 populi
737 2252 1059 2308 interventu
1080 2250 1430 2308 clementiam
1462 2246 1703 2313 meruit;
1734 2263 1799 2302 ac
1834 2246 2114 2318 deinceps,

516 2344 677 2400 beato
736 2342 1032 2398 miserante
1080 2341 1375 2405 Germano,
1431 2351 1557 2391 cum
1620 2334 1938 2402 incolumis,
1998 2342 2115 2389 tum

517 2433 683 2489 etiam
727 2431 989 2503 castigata
1033 2429 1273 2487 recessit.
1325 2427 1421 2483 His
1457 2432 1510 2480 et
1538 2423 1818 2480 similibus
1850 2425 2002 2479 locus
2023 2425 2117 2481 ille

519 2522 777 2594 frequens
803 2520 1135 2592 privilegiis,
1160 2517 1321 2573 facile
1351 2514 1458 2570 sibi
1492 2514 1764 2569 famosum
1796 2512 2117 2568 reverentia;

520 2612 747 2667 titulum
772 2608 1099 2663 vindicavit.

591 2700 678 2756 61.
719 2700 983 2755 Praeterea
1026 2697 1082 2751 in
1126 2709 1265 2766 pago
1296 2693 1683 2765 Rotomagensi
1730 2692 1913 2765 regius
1955 2691 2121 2748 ﬁscus

521 2795 623 2854 est,
657 2803 816 2858 quem
850 2787 1068 2851 incolae,
1107 2785 1177 2840 ob
1205 2783 1392 2857 palatii
1425 2782 1834 2857 antiquitatem,
1867 2781 2119 2837 Veterem

522 2872 748 2929 domum
780 2878 1144 2942 nuncupant;
1183 2871 1393 2943 capella
1437 2872 1644 2944 palatio
1674 2870 1954 2941 contigua,
1986 2868 2123 2924 bea-

524 2962 724 3019 tissimi
780 2960 1039 3018 Germani
1089 2961 1297 3018 famosa
1339 2963 1584 3029 nomine,
1641 2962 1874 3017 illustris
1926 2960 2124 3016 merito

524 3051 809 3125 signorum
856 3050 983 3107 dote
1038 3066 1313 3106 summam
1355 3050 1461 3107 sibi
1505 3051 1665 3107 facile
1711 3049 2123 3104 venerationem

525 3143 791 3200 obtinuit.
822 3141 1005 3197 Unum
1044 3141 1150 3196 erit
1183 3142 1478 3213 proposita:
1505 3140 1782 3196 sufﬁciens
1818 3139 2077 3195 brevitati
2104 3157 2118 3207 ;

526 3234 674 3307 quod
700 3250 764 3289 eo
795 3247 1097 3288 memorare
1135 3230 1541 3302 compellimur,
1567 3246 1675 3302 quo
1706 3228 1992 3302 publicum
2022 3228 2125 3285 sci-

528 3342 671 3381 mus.
729 3324 845 3381 Rex
893 3322 1169 3380 Carolus'|
1218 3321 1329 3378 huc
1373 3321 1603 3377 fortasse
1652 3320 1966 3389 devenerat,
2000 3337 2124 3376 cum

530 3412 854 3485 Herispogio
896 3410 1035 3468 duce
1080 3410 1374 3466 Britonum
1432 3410 1817 3482 placitaturus,
1878 3425 1941 3466 ac
1990 3408 2131 3464 seria

530 3516 758 3574 quaeque
796 3499 863 3555 de
890 3499 1043 3571 regni
1072 3500 1309 3571 negotiis
1333 3506 1705 3555 tractaturus:
1758 3498 1914 3565 illuc,
1962 3505 2025 3553 ut
2072 3497 2129 3552 in

530 3598 683 3647 tanto
722 3595 999 3646 conventu
1025 3589 1245 3656 assolet,
1294 3587 1594 3645 immodica
1629 3586 1800 3643 turba
1831 3602 2131 3658 pauperum

532 3677 898 3749 undecunque
936 3676 1244 3743 conﬂuxit;
1296 3676 1441 3731 inter
1485 3692 1624 3749 quos
1685 3676 1870 3748 puella
1916 3690 2132 3747 quoque

536 3782 688 3831 muta
724 3772 925 3839 adfuit,
950 3771 1245 3829 familiaris
1275 3772 1477 3843 inopia:
1522 3774 1729 3827 malum
1778 3769 2132 3842 qumritandae

534 3865 693 3937 stipis
724 3863 961 3920 artiﬁcio
1007 3863 1171 3918 docta
1201 3870 1522 3932 temperare.
1566 3861 1664 3927 Ea,
1714 3859 1859 3930 quod
1908 3856 2133 3931 hospitii

534 3955 849 4010 facultatem
881 3969 993 4007 non
1025 3952 1251 4021 reperit,
1283 3950 1431 4005 intra
1458 3949 1679 4020 capellae
1707 3948 1977 4005 ambitum
2007 3967 2134 4007 con-

535 4039 717 4094 cessit.
768 4037 928 4094 Circa
974 4045 1192 4092 noctem
1233 4036 1473 4093 mediam
1515 4037 1771 4109 vigilanti
1829 4037 2136 4094 Germanus

536 4124 917 4182 sanctissimus
946 4124 1144 4191 astitit,
1182 4124 1507 4199 placidoque
1537 4126 1681 4183 hanc
1709 4126 1952 4198 alloquio
1981 4127 2136 4181 mul-

534 4231 696 4272 cens:
725 4216 841 4284 Jus,
869 4215 1077 4289 inquit,
1112 4214 1337 4287 hospitii
1374 4223 1631 4288 negatum
1660 4215 1761 4272 tibi
1804 4217 1872 4271 ab
1899 4216 2135 4271 homini-

535 4304 639 4361 bus
670 4302 795 4378 [al.,
836 4303 1142 4378 omnibus],
1176 4303 1543 4369 humanitate,
1574 4320 1682 4377 qua
1719 4311 1933 4376 potero,
1975 4320 2137 4360 com-

536 4392 908 4466 pensabo.'lta
928 4393 1095 4460 fatus,
1131 4400 1381 4448 mentum
1415 4399 1586 4447 muta:
1616 4392 1817 4449 blanda
1846 4392 2135 4464 subrigens

537 4500 724 4553 manu,
770 4484 829 4540 in
876 4501 938 4541 os
980 4484 1098 4557 ejus
1140 4486 1369 4557 expuit;
1423 4500 1663 4558 moxque
1710 4484 1987 4541 visibilem
2024 4501 2135 4541 suae

536 4572 868 4631 ostensionis
906 4573 1249 4645 praesentiam
1282 4573 1575 4629 subtraxit.
1621 4573 1841 4631 Virtute
1883 4573 2131 4630 medica-

538 4662 706 4719 minis
724 4662 923 4718 intima
948 4663 1191 4718 faucium
1214 4669 1392 4733 rupta,
1416 4663 1700 4734 sanguinis
1719 4663 1923 4736 ejecere
1942 4680 2129 4737 quam-

539 4750 871 4823 plurimum;
911 4749 1046 4807 adeo
1074 4757 1137 4806 ut
1162 4757 1277 4807 tota
1305 4750 1564 4823 planities
1602 4752 1903 4824 pavimenti
1933 4769 1997 4809 eo
2026 4770 2130 4809 su—
2163 4754 2173 4762 '

539 4830 756 4913 perfusa
794 4839 1095 4897 videretur.

609 4928 697 4985 62.
741 4927 963 4985 Umbris
989 4927 1321 4988 cedentibus
1339 4928 1552 5000 superis
1579 4926 1805 4984 reducta
1836 4928 1954 4985 dies
1992 4946 2131 4987 uec-

540 5018 672 5074 dum
701 5017 819 5074 noti
850 5025 1178 5090 proventum
1210 5016 1465 5073 miraculi
1504 5016 1807 5089 perspicuis
1836 5017 2137 5075 declaravit

542 5107 768 5165 indiciis
796 5125 808 5163 :
837 5123 965 5163 nam
994 5114 1048 5162 et
1078 5107 1262 5179 puella
1293 5104 1554 5178 loquendi
1583 5115 1802 5179 recepto
1829 5123 1953 5176 usu,
1990 5108 2137 5181 quod

545 5211 732 5254 secum
767 5204 951 5253 actum
1000 5194 1199 5263 fuerat,
1246 5193 1441 5250 ordine
1475 5201 1765 5266 prosecuta
1796 5202 1913 5263 est;
1966 5204 2021 5253 et
2066 5196 2132 5263 is,

544 5285 638 5358 qui
677 5284 746 5343 ab
774 5300 867 5341 ore
897 5283 1173 5357 loquentis
1201 5282 1427 5337 rivatim
1471 5282 1709 5340 ﬂuxerat
1742 5300 1924 5354 cruor,
1956 5284 2137 5341 adhuc

546 5374 604 5430 in
635 5377 953 5447 pavimento
986 5371 1417 5438 recentissimus,
1449 5379 1672 5443 patratas
1706 5372 1783 5428 rei
1831 5389 2134 5446 argumen-

2161 4444 2209 4503 D

2205 444 2475 503 curiosius
2502 446 2838 515 percontata,
2868 439 2925 494 in
2969 454 3075 511 qua
3116 436 3222 493 sibi
3265 437 3459 493 beatus
3505 436 3832 495 Germanus

2206 533 2545 607 apparuisset
2591 529 2787 602 efﬁgie,
2822 542 3112 600 personam
3159 542 3217 583 se
3262 526 3471 583 vidisse
3512 526 3832 584 testabatur

2207 625 2396 679 vultus
2438 620 2708 693 dignitate
2768 617 3298 692 splendidissimam,
3341 624 3555 675 statura
3586 620 3825 676 medio-

2208 712 2577 785 crem,capilli
2603 710 2864 784 qualitate
2883 710 3163 775 decoram,
3189 706 3356 763 mista
3385 715 3571 764 tamen
3600 711 3819 767 canitie

2211 802 2728 864 reverendam.Ha3c
2756 808 2809 856 et
2837 800 2946 855 alia
2974 798 3122 854 dixit
3140 814 3197 855 se
3220 798 3276 855 in
3298 814 3362 854 co
3386 808 3606 856 notasse
3637 801 3828 873 signa,

2211 913 2330 969 qua:
2361 892 2615 951 nonnulli
2645 907 2857 959 eorum,
2910 889 3006 963 qui
3039 905 3257 945 sacrum
3287 886 3404 959 ejus
3435 905 3659 962 corpus,
3690 908 3829 948 cum

2213 986 2617 1052 transferretur,
2666 979 2947 1055 quondam
2997 987 3231 1035 tractare
3260 987 3607 1047 meruerunt,
3653 996 3827 1053 quam

2214 1072 2497 1129 simillime
2554 1087 2611 1126 se
2668 1075 2918 1125 asserunt
2963 1066 3327 1140 perspexisse.
3373 1065 3515 1121 Huic
3544 1066 3825 1124 miraculo

2213 1170 2295 1220 tot
2324 1162 2585 1218 exstitere
2612 1168 2798 1228 testes,
2821 1165 2956 1231 quot
2984 1156 3050 1213 ad
3078 1155 3244 1228 hujus
3273 1155 3546 1228 generalis
3572 1173 3824 1213 conven-

2215 1261 2304 1309 tus
2331 1251 2702 1324 spectaculum
2732 1265 2762 1306 e
2789 1246 3004 1305 cunctis
3031 1247 3184 1319 regni
3233 1244 3483 1319 partibus
3531 1261 3826 1303 occurrere

2215 1348 2538 1417 potuerunt.

2835 1480 3062 1539 CAPUT
3102 1480 3198 1538 VI.

2222 1585 2560 1643 Continuatio
2588 1581 2969 1637 miraculorum
2998 1578 3170 1635 variis
3201 1563 3333 1633 locis
3358 1575 3549 1631 ibidem
3578 1574 3697 1645 ejus
3735 1592 3826 1630 no-

2631 1654 2769 1709 mine
2795 1652 2984 1708 dicatis
3010 1656 3375 1722 patratorum.

2295 1781 2383 1838 63.
2417 1780 2809 1837 Sanctissimus
2838 1786 2892 1835 et
2918 1778 2975 1833 in
2996 1777 3225 1850 optimis
3254 1775 3567 1850 quibusque
3598 1775 3825 1849 praecla.

2224 1888 2318 1928 rus
2348 1869 2645 1942 Remigius,
2679 1870 3016 1926 Rhemorum
3067 1866 3325 1941 pontifex
3374 1865 3679 1938 pretiosus,
3712 1865 3828 1923 ho-

2226 1974 2357 2013 nore
2395 1957 2653 2013 Germani
2687 1955 2993 2011 beatissimi
3032 1953 3090 2009 in
3139 1954 3280 2022 loco,
3309 1970 3420 2026 quo
3461 1954 3685 2026 sepeliri
3715 1953 3827 2010 de-

2223 2054 2488 2115 creverat,
2527 2046 2732 2121 quique
2761 2045 2829 2102 ab
2859 2044 2997 2101 urbe
3028 2043 3323 2101 Rhemensi
3358 2043 3621 2099 milliario
3650 2043 3827 2100 ferme

2226 2138 2414 2205 distat,
2454 2136 2679 2207 propria
2735 2152 2925 2202 manu,
2971 2141 3034 2189 ut
3076 2132 3454 2189 vetustissima
3492 2133 3827 2190 Testamenti

2226 2227 2344 2299 ejus
2372 2226 2565 2299 pandit
2591 2226 2909 2293 auctoritas,
2938 2223 3218 2280 exstruxit
3254 2223 3563 2282 basilicam.
3616 2224 3745 2279 Haec
3771 2234 3831 2281 ut

2226 2318 2553 2392 antiquitate
2577 2316 2928 2389 longaeva,ita
2951 2331 3171 2388 quoque
3200 2315 3595 2371 miraculorum
3610 2322 3817 2387 perstat

2229 2409 2518 2483 splendore
2567 2408 2890 2465 clarissima.
2937 2407 3149 2462 Horum
3192 2413 3373 2462 autem
3418 2406 3661 2462 duorum
3704 2407 3831 2463 festa

2230 2498 2551 2572 pontiﬁcum
2585 2495 2848 2554 Kalendis
2878 2494 3213 2552 Octobribus
3244 2494 3452 2550 mundo
3472 2496 3689 2568 pariter
3709 2496 3828 2552 illu-

2230 2591 2396 2657 xisse,
2430 2588 2596 2660 vulgo
2626 2603 2845 2661 quoque
2869 2586 3223 2642 notissimum
3252 2593 3354 2641 est.
3388 2584 3473 2640 Ad
3504 2584 3627 2642 haec
3671 2586 3830 2641 solito

2231 2679 2558 2738 celebranda
2594 2677 2905 2749 spectaculo
2954 2675 3019 2731 ad
3069 2676 3249 2732 locum
3281 2673 3688 2747 supradictum,
3720 2692 3824 2749 quo

2232 2772 2443 2829 scilicet
2472 2768 2806 2827 sanctissimi
2840 2766 3073 2839 Remigii
3103 2783 3304 2840 corpus
3330 2766 3569 2840 quiescit
3608 2782 3832 2823 venera-

2234 2860 2364 2927 bile,
2412 2858 2646 2930 populus
2693 2872 2762 2911 ex
2813 2871 2964 2910 more
3005 2853 3369 2911 confluxerat.
3403 2853 3634 2908 Factum
3663 2859 3747 2907 est
3776 2859 3835 2906 ut

2233 2948 2429 3005 ofﬁciis
2450 2946 2780 3019 vespertinis
2809 2944 3040 3013 exactis,
3073 2944 3416 3017 generaliter,
3448 2951 3512 2998 ut
3551 2942 3612 2997 in
3641 2957 3836 2999 οωηο-

2237 3038 2344 3096 biis
2372 3054 2492 3093 mos
2515 3044 2615 3103 est,
2646 3036 2906 3091 universa
2936 3033 3090 3106 vulgi
3124 3034 3317 3090 concio
3344 3049 3374 3089 a
3403 3032 3572 3104 septis
3593 3032 3835 3088 ecclesiae

2235 3126 2523 3184 custodum
2548 3124 2812 3181 instantia
2827 3124 3143 3198 pelleretur.
3164 3122 3519 3180 Coutractum
3541 3120 3833 3195 quemdam

2235 3214 2398 3271 amici
2446 3213 2705 3269 vehiculo
2752 3212 3084 3277 detulerant,
3135 3227 3298 3284 quem
3345 3228 3377 3266 a
3424 3210 3569 3267 beati
3604 3208 3835 3281 Remigii

2237 3304 2527 3376 expulsum
2559 3303 2785 3375 templo,
2814 3301 2871 3357 iu
2906 3302 3183 3374 praefatam
3210 3302 3384 3359 sancti
3414 3300 3679 3358 Germani
3699 3300 3835 3356 basi-

2238 3394 2423 3462 licam,
2456 3393 2602 3467 quod
2633 3409 2731 3465 pro
2758 3392 2971 3449 foribus
3000 3394 3341 3462 consisteret,
3371 3394 3713 3449 intulerunt.
3749 3391 3828 3447 Ibi

2240 3499 2336 3555 per
2364 3490 2581 3539 noctem
2610 3476 3009 3555 aliquantisper
3036 3483 3335 3554 excubans,
3366 3484 3671 3563 beatissimi
3705 3484 3833 3539 Ger-

2243 3573 2389 3629 mani
2419 3572 2629 3628 meritis
2649 3572 2896 3645 sospitati
2917 3573 3536 3642 redditus,naturalibus
3555 3589 3835 3645 gressuum

2241 3662 2438 3719 ofﬁciis
2466 3661 2532 3717 de
2561 3671 2758 3717 caetero
2789 3663 2996 3735 perfrui
3049 3662 3270 3720 meruit.
3304 3664 3386 3720 Ita
3421 3664 3513 3719 vir
3539 3661 3827 3735 apostolici

2242 3752 2503 3809 culminis
2527 3748 2691 3806 etiam
2723 3770 2833 3809 sua:
2860 3753 3274 3811 commendavit
3311 3752 3575 3809 sublimia
3606 3752 3835 3824 dignita-

2242 3844 2334 3910 tis,
2369 3844 2663 3901 ostendens
2690 3862 2745 3902 se
2777 3846 2833 3901 in
2874 3844 2991 3918 ejus
3020 3845 3338 3904 celebritate
3369 3844 3479 3899 diei
3512 3844 3703 3900 locum
3736 3842 3838 3899 ob-

2241 3937 2418 3994 tinere
2446 3940 2805 4012 praecipuum,
2845 3957 3008 4014 quam
3055 3940 3357 3997 clariﬁcare
3400 3939 3585 3995 voluit
3613 3955 3838 3995 suorum

2244 4044 2459 4103 quoque
2496 4029 2801 4103 privilegiis
2848 4030 3193 4086 meritorum.
3251 4031 3393 4086 Loca
3432 4029 3570 4097 haec,
3603 4043 3835 4101 quorum

2243 4117 2375 4174 huic
2420 4119 2682 4190 opusculo
2735 4119 3068 4175 mentionem
3128 4119 3483 4186 inseruimus,
3536 4117 3839 4174 virtutibus

2245 4206 2453 4277 pollent
2480 4223 2615 4278 pene
2644 4206 2923 4264 continuis
2947 4226 2960 4275 ;
2995 4224 3185 4263 verum
3219 4224 3319 4264 nos
3346 4224 3409 4264 ea
3429 4217 3649 4265 tantum
3679 4206 3838 4263 attin-

2246 4311 2368 4366 gere
2397 4295 2762 4363 decrevimus,
2785 4313 2904 4368 quae
2926 4297 3249 4369 pervulgata
3267 4295 3549 4365 omnibus,
3571 4296 3837 4369 ambigui-

2245 4384 2373 4440 tatis
2402 4384 2723 4456 scrupulum
2752 4385 2982 4442 eluctari
3013 4392 3354 4442 meruerunt.

2318 4483 2409 4539 64.
2443 4485 2505 4540 In
2536 4483 2809 4540 suburbio
2835 4484 3187 4542 Suessionico
3220 4485 3284 4540 B.
3315 4485 3573 4541 Germani
3608 4484 3841 4542 ecclesia

2249 4571 2473 4640 eminet,
2506 4588 2668 4646 quam
2694 4573 2884 4645 opinio
2913 4573 3135 4630 conscia
3160 4574 3451 4630 vetustatis
3478 4590 3513 4628 a
3541 4572 3837 4629 duodecim

2248 4659 2629 4717 famosissimis
2658 4663 3088 4734 negotiatoribus
3116 4663 3267 4719 orbis
3290 4663 3423 4719 olim
3446 4662 3703 4734 perhibet
3734 4678 3842 4719 esse

2248 4758 2618 4807 constructam
2643 4769 2656 4819 ;
2705 4751 2801 4824 qui
2856 4752 3115 4825 quoniam
3144 4752 3212 4808 de
3241 4751 3424 4824 regnis
3450 4750 3519 4806 ad
3549 4767 3722 4823 regna
3753 4767 3845 4806 sed

2248 4838 2375 4895 dule
2404 4848 2765 4911 permeantes,
2796 4857 2963 4914 prope
2993 4842 3166 4914 ripam
3198 4843 3408 4899 Axonae
3437 4840 3689 4897 crebrius
3718 4841 3844 4897 fixe-

2248 4943 2305 4983 re
2334 4928 2591 4997 tentoria,
2622 4929 2679 4985 id
2709 4945 2818 4985 suae
2849 4930 3174 5003 frequentia:
3214 4931 3583 4987 decreverunt
3618 4946 3688 4985 eo
3726 4930 3847 4986 loco

2244 5024 2482 5072 statuere
2526 5025 2986 5085 monumentum;
3023 5028 3085 5076 ut
3134 5020 3354 5076 collatis
3397 5020 3661 5091 expensis
3689 5018 3847 5074 beato

2244 5105 2515 5161 Germano
2569 5105 2904 5163 aedificarent
2947 5108 3233 5178 basilicam
3260 5152 3276 5177 ,
3321 5107 3479 5180 cujus
3528 5108 3733 5164 merito
3790 5123 3849 5163 ac

2244 5193 2497 5267 precibus
2550 5194 2695 5252 inter
2758 5204 3029 5254 terrarum
3086 5197 3360 5269 marisque
3410 5195 3747 5253 discrimina
3792 5213 3846 5252 se

2243 5284 2514 5357 praecipue
2549 5300 2705 5358 posse
2749 5286 2981 5358 protegi,
3010 5286 3383 5344 conﬁdebant.
3430 5286 3509 5342 De
3556 5286 3849 5343 sanctitate

2242 5373 2359 5445 ejus
2390 5373 2495 5430 loci
2543 5381 2672 5430 sunt
2720 5374 2880 5431 nobis
2928 5383 3208 5447 comperta
3254 5374 3694 5449 quamplurima,
3728 5392 3849 5449 quae

617 5530 639 5557 ι
661 5508 905 5584 Carolus,
930 5518 1293 5584 cognomento
1318 5510 1534 5584 Calvus,
1574 5511 1664 5584 cui
1707 5527 1844 5583 opus
1867 5510 1973 5584 hoc
2018 5520 2211 5568 auctor
2249 5513 2609 5584 nuncupavit.
2643 5513 2991 5571 Conventum
3022 5514 3171 5572 hunc
3202 5515 3367 5573 refert
3393 5515 3760 5573 Mabillonius
3792 5518 3851 5573 in

549 5575 854 5637 Annalibus
882 5575 1255 5641 Benédictinis
1293 5581 1362 5637 ad
1396 5575 1529 5640 ann.
1564 5582 1689 5652 85f,
1714 5575 1870 5638 rium.
1900 5583 1991 5641 27.
