  <div class='ocr_page' id='page_1' title='image "/cluster/home/n/w/nwhite01/storage/ocr_20150623/124/hvd.32044054759865/624.png"; bbox 0 0 4074 6186; ppageno 0'>
   <div class='ocr_carea' id='block_1_1' title="bbox 254 258 387 320">
    <p class='ocr_par' dir='ltr' id='par_1_1' title="bbox 254 258 387 320">
     <span class='ocr_line' id='line_1_1' title="bbox 254 258 387 320; baseline -0.023 0"><span class='ocrx_word' id='word_1_1' title='bbox 254 258 387 320; x_wconf 78' lang='grc'><strong>1237</strong></span> 
     </span>
    </p>
   </div>
   <div class='ocr_carea' id='block_1_2' title="bbox 1216 262 2573 322">
    <p class='ocr_par' dir='ltr' id='par_1_2' title="bbox 1216 262 2573 322">
     <span class='ocr_line' id='line_1_2' title="bbox 1216 262 2573 322; baseline 0.003 -4"><span class='ocrx_word' id='word_1_2' title='bbox 1216 263 1306 319; x_wconf 90' lang='lat' dir='ltr'>DE</span> <span class='ocrx_word' id='word_1_3' title='bbox 1346 262 1725 321; x_wconf 80' lang='lat' dir='ltr'>MIRACULIS</span> <span class='ocrx_word' id='word_1_4' title='bbox 1764 263 1820 319; x_wconf 91' lang='lat' dir='ltr'>S.</span> <span class='ocrx_word' id='word_1_5' title='bbox 1857 262 2197 320; x_wconf 81' lang='lat' dir='ltr'>GERMANI.</span> <span class='ocrx_word' id='word_1_6' title='bbox 2239 293 2310 305; x_wconf 94' lang='lat'>—-</span> <span class='ocrx_word' id='word_1_7' title='bbox 2348 264 2482 321; x_wconf 89' lang='lat' dir='ltr'>LIB.</span> <span class='ocrx_word' id='word_1_8' title='bbox 2528 263 2573 322; x_wconf 93' lang='grc' dir='ltr'>Ι.</span> 
     </span>
    </p>
   </div>
   <div class='ocr_carea' id='block_1_3' title="bbox 3419 267 3566 332">
    <p class='ocr_par' dir='ltr' id='par_1_3' title="bbox 3419 267 3566 332">
     <span class='ocr_line' id='line_1_3' title="bbox 3419 267 3566 332; baseline 0.014 -2"><span class='ocrx_word' id='word_1_9' title='bbox 3419 267 3566 332; x_wconf 75' lang='grc'>1238</span> 
     </span>
    </p>
   </div>
   <div class='ocr_carea' id='block_1_4' title="bbox 248 411 3563 499">
    <p class='ocr_par' dir='ltr' id='par_1_4' title="bbox 248 411 3563 499">
     <span class='ocr_line' id='line_1_4' title="bbox 248 411 3563 499; baseline 0.002 -27"><span class='ocrx_word' id='word_1_10' title='bbox 248 412 500 489; x_wconf 83' lang='lat' dir='ltr'>opusculi</span> <span class='ocrx_word' id='word_1_11' title='bbox 526 411 765 469; x_wconf 78' lang='lat' dir='ltr'>brevitas</span> <span class='ocrx_word' id='word_1_12' title='bbox 794 413 1074 487; x_wconf 83' lang='lat' dir='ltr'>explicare</span> <span class='ocrx_word' id='word_1_13' title='bbox 1107 430 1218 472; x_wconf 93' lang='lat' dir='ltr'>non</span> <span class='ocrx_word' id='word_1_14' title='bbox 1248 415 1490 489; x_wconf 77' lang='lat' dir='ltr'>patitur:</span> <span class='ocrx_word' id='word_1_15' title='bbox 1525 432 1697 489; x_wconf 88' lang='lat' dir='ltr'>pauca</span> <span class='ocrx_word' id='word_1_16' title='bbox 1720 432 1857 489; x_wconf 91' lang='lat' dir='ltr'>per-</span> <span class='ocrx_word' id='word_1_17' title='bbox 1884 419 1932 478; x_wconf 82' lang='grc' dir='ltr'><strong>Α</strong></span> <span class='ocrx_word' id='word_1_18' title='bbox 1964 414 2269 487; x_wconf 81' lang='lat' dir='ltr'>presbyteri</span> <span class='ocrx_word' id='word_1_19' title='bbox 2313 417 2628 490; x_wconf 86' lang='lat' dir='ltr'>vespertina</span> <span class='ocrx_word' id='word_1_20' title='bbox 2655 415 2777 473; x_wconf 93' lang='lat' dir='ltr'>loco</span> <span class='ocrx_word' id='word_1_21' title='bbox 2813 415 3064 475; x_wconf 79' lang='lat' dir='ltr'>deessent</span> <span class='ocrx_word' id='word_1_22' title='bbox 3090 418 3287 476; x_wconf 76' lang='lat' dir='ltr'>ofﬁcia.</span> <span class='ocrx_word' id='word_1_23' title='bbox 3318 418 3563 499; x_wconf 65' lang='lat' dir='ltr'>Sumptis</span> 
     </span>
    </p>
   </div>
   <div class='ocr_carea' id='block_1_5' title="bbox 248 503 1851 579">
    <p class='ocr_par' dir='ltr' id='par_1_5' title="bbox 248 503 1851 579">
     <span class='ocr_line' id='line_1_5' title="bbox 248 503 1851 579; baseline -0.001 -16"><span class='ocrx_word' id='word_1_24' title='bbox 248 505 512 576; x_wconf 77' lang='lat' dir='ltr'>stringere</span> <span class='ocrx_word' id='word_1_25' title='bbox 547 503 765 559; x_wconf 92' lang='lat' dir='ltr'>animus</span> <span class='ocrx_word' id='word_1_26' title='bbox 793 505 1052 579; x_wconf 82' lang='lat' dir='ltr'>suggerit,</span> <span class='ocrx_word' id='word_1_27' title='bbox 1084 522 1203 577; x_wconf 79' lang='lat' dir='ltr'>quae</span> <span class='ocrx_word' id='word_1_28' title='bbox 1243 521 1338 577; x_wconf 92' lang='lat' dir='ltr'>per</span> <span class='ocrx_word' id='word_1_29' title='bbox 1366 504 1701 561; x_wconf 78' lang='lat' dir='ltr'>sacerdotem</span> <span class='ocrx_word' id='word_1_30' title='bbox 1734 506 1851 578; x_wconf 87' lang='lat' dir='ltr'>ejus</span> 
     </span>
    </p>
   </div>
   <div class='ocr_carea' id='block_1_6' title="bbox 247 592 1847 667">
    <p class='ocr_par' dir='ltr' id='par_1_6' title="bbox 247 592 1847 667">
     <span class='ocr_line' id='line_1_6' title="bbox 247 592 1847 667; baseline 0 -16"><span class='ocrx_word' id='word_1_31' title='bbox 247 593 486 651; x_wconf 66' lang='lat' dir='ltr'>basilica:</span> <span class='ocrx_word' id='word_1_32' title='bbox 509 592 747 650; x_wconf 81' lang='lat' dir='ltr'>fideliter</span> <span class='ocrx_word' id='word_1_33' title='bbox 776 603 1059 665; x_wconf 90' lang='lat' dir='ltr'>comperta</span> <span class='ocrx_word' id='word_1_34' title='bbox 1097 602 1365 651; x_wconf 90' lang='lat' dir='ltr'>tenemus.</span> <span class='ocrx_word' id='word_1_35' title='bbox 1403 595 1504 652; x_wconf 86' lang='lat' dir='ltr'>Hic</span> <span class='ocrx_word' id='word_1_36' title='bbox 1531 595 1645 667; x_wconf 90' lang='lat' dir='ltr'>ipse</span> <span class='ocrx_word' id='word_1_37' title='bbox 1674 595 1741 651; x_wconf 90' lang='lat' dir='ltr'>ad</span> <span class='ocrx_word' id='word_1_38' title='bbox 1768 613 1847 652; x_wconf 89' lang='lat' dir='ltr'>re-</span> 
     </span>
    </p>
   </div>
   <div class='ocr_carea' id='block_1_7' title="bbox 246 683 1847 756">
    <p class='ocr_par' dir='ltr' id='par_1_7' title="bbox 246 683 1847 756">
     <span class='ocr_line' id='line_1_7' title="bbox 246 683 1847 756; baseline 0 -17"><span class='ocrx_word' id='word_1_39' title='bbox 246 683 505 742; x_wconf 88' lang='lat' dir='ltr'>visendos</span> <span class='ocrx_word' id='word_1_40' title='bbox 534 699 690 754; x_wconf 81' lang='lat' dir='ltr'>agros</span> <span class='ocrx_word' id='word_1_41' title='bbox 728 683 971 741; x_wconf 82' lang='lat' dir='ltr'>ecclesiae</span> <span class='ocrx_word' id='word_1_42' title='bbox 1001 683 1089 740; x_wconf 91' lang='lat' dir='ltr'>die</span> <span class='ocrx_word' id='word_1_43' title='bbox 1120 684 1355 756; x_wconf 89' lang='lat' dir='ltr'>quadam</span> <span class='ocrx_word' id='word_1_44' title='bbox 1398 702 1453 740; x_wconf 91' lang='lat' dir='ltr'>se</span> <span class='ocrx_word' id='word_1_45' title='bbox 1483 685 1691 740; x_wconf 86' lang='lat' dir='ltr'>ferebat</span> <span class='ocrx_word' id='word_1_46' title='bbox 1732 701 1847 742; x_wconf 91' lang='lat' dir='ltr'>esse</span> 
     </span>
    </p>
   </div>
   <div class='ocr_carea' id='block_1_8' title="bbox 244 773 1846 847">
    <p class='ocr_par' dir='ltr' id='par_1_8' title="bbox 244 773 1846 847">
     <span class='ocr_line' id='line_1_8' title="bbox 244 773 1846 847; baseline 0.002 -17"><span class='ocrx_word' id='word_1_47' title='bbox 244 773 548 847; x_wconf 90' lang='lat' dir='ltr'>profectum</span> <span class='ocrx_word' id='word_1_48' title='bbox 575 792 585 828; x_wconf 93' lang='lat'><strong>:</strong></span> <span class='ocrx_word' id='word_1_49' title='bbox 620 773 749 829; x_wconf 90' lang='lat' dir='ltr'>dolo</span> <span class='ocrx_word' id='word_1_50' title='bbox 778 774 949 831; x_wconf 90' lang='lat' dir='ltr'>vicini</span> <span class='ocrx_word' id='word_1_51' title='bbox 978 773 1263 845; x_wconf 86' lang='lat' dir='ltr'>cujusdam</span> <span class='ocrx_word' id='word_1_52' title='bbox 1294 790 1549 846; x_wconf 82' lang='lat' dir='ltr'>agrorum</span> <span class='ocrx_word' id='word_1_53' title='bbox 1578 775 1846 833; x_wconf 81' lang='lat' dir='ltr'>terminos</span> 
     </span>
    </p>
   </div>
   <div class='ocr_carea' id='block_1_9' title="bbox 243 862 1842 935">
    <p class='ocr_par' dir='ltr' id='par_1_9' title="bbox 243 862 1842 935">
     <span class='ocr_line' id='line_1_9' title="bbox 243 862 1842 935; baseline 0.001 -17"><span class='ocrx_word' id='word_1_54' title='bbox 243 863 585 930; x_wconf 79' lang='lat' dir='ltr'>immutatos,</span> <span class='ocrx_word' id='word_1_55' title='bbox 615 878 680 918; x_wconf 89' lang='lat' dir='ltr'>ac</span> <span class='ocrx_word' id='word_1_56' title='bbox 730 878 842 917; x_wconf 91' lang='lat' dir='ltr'>non</span> <span class='ocrx_word' id='word_1_57' title='bbox 891 862 1094 935; x_wconf 86' lang='lat' dir='ltr'>absque</span> <span class='ocrx_word' id='word_1_58' title='bbox 1132 879 1242 918; x_wconf 69' lang='lat' dir='ltr'>sua:</span> <span class='ocrx_word' id='word_1_59' title='bbox 1289 864 1461 934; x_wconf 88' lang='lat' dir='ltr'>partis</span> <span class='ocrx_word' id='word_1_60' title='bbox 1509 863 1842 920; x_wconf 87' lang='lat' dir='ltr'>detrimento</span> 
     </span>
    </p>
   </div>
   <div class='ocr_carea' id='block_1_10' title="bbox 242 950 1838 1025">
    <p class='ocr_par' dir='ltr' id='par_1_10' title="bbox 242 950 1838 1025">
     <span class='ocr_line' id='line_1_10' title="bbox 242 950 1838 1025; baseline 0 -16"><span class='ocrx_word' id='word_1_61' title='bbox 242 951 444 1024; x_wconf 88' lang='lat' dir='ltr'>reperit</span> <span class='ocrx_word' id='word_1_62' title='bbox 486 966 599 1006; x_wconf 92' lang='lat' dir='ltr'>esse</span> <span class='ocrx_word' id='word_1_63' title='bbox 646 950 936 1019; x_wconf 85' lang='lat' dir='ltr'>confusos;</span> <span class='ocrx_word' id='word_1_64' title='bbox 985 951 1340 1025; x_wconf 89' lang='lat' dir='ltr'>adhibitaque</span> <span class='ocrx_word' id='word_1_65' title='bbox 1372 951 1554 1007; x_wconf 92' lang='lat' dir='ltr'>denuo</span> <span class='ocrx_word' id='word_1_66' title='bbox 1588 953 1838 1024; x_wconf 83' lang='lat' dir='ltr'>legitima</span> 
     </span>
    </p>
   </div>
   <div class='ocr_carea' id='block_1_11' title="bbox 240 1039 1839 1113">
    <p class='ocr_par' dir='ltr' id='par_1_11' title="bbox 240 1039 1839 1113">
     <span class='ocr_line' id='line_1_11' title="bbox 240 1039 1839 1113; baseline 0 -16"><span class='ocrx_word' id='word_1_67' title='bbox 240 1058 366 1099; x_wconf 88' lang='lat' dir='ltr'>cum</span> <span class='ocrx_word' id='word_1_68' title='bbox 398 1040 631 1097; x_wconf 86' lang='lat' dir='ltr'>testibus</span> <span class='ocrx_word' id='word_1_69' title='bbox 662 1039 960 1108; x_wconf 87' lang='lat' dir='ltr'>mentione,</span> <span class='ocrx_word' id='word_1_70' title='bbox 991 1039 1229 1112; x_wconf 89' lang='lat' dir='ltr'>lapidem</span> <span class='ocrx_word' id='word_1_71' title='bbox 1260 1042 1313 1095; x_wconf 91' lang='lat' dir='ltr'>in</span> <span class='ocrx_word' id='word_1_72' title='bbox 1334 1040 1589 1096; x_wconf 84' lang='lat' dir='ltr'>terminis</span> <span class='ocrx_word' id='word_1_73' title='bbox 1619 1058 1839 1113; x_wconf 83' lang='lat' dir='ltr'>compo-</span> 
     </span>
    </p>
   </div>
   <div class='ocr_carea' id='block_1_12' title="bbox 238 1130 1838 1202">
    <p class='ocr_par' dir='ltr' id='par_1_12' title="bbox 238 1130 1838 1202">
     <span class='ocr_line' id='line_1_12' title="bbox 238 1130 1838 1202; baseline -0.001 -15"><span class='ocrx_word' id='word_1_74' title='bbox 238 1130 381 1198; x_wconf 85' lang='lat' dir='ltr'>suit;</span> <span class='ocrx_word' id='word_1_75' title='bbox 414 1139 576 1202; x_wconf 91' lang='lat' dir='ltr'>atque</span> <span class='ocrx_word' id='word_1_76' title='bbox 597 1145 696 1201; x_wconf 92' lang='lat' dir='ltr'>pro</span> <span class='ocrx_word' id='word_1_77' title='bbox 716 1145 877 1185; x_wconf 90' lang='lat' dir='ltr'>causa</span> <span class='ocrx_word' id='word_1_78' title='bbox 904 1130 1207 1185; x_wconf 88' lang='lat' dir='ltr'>sollicitus:</span> <span class='ocrx_word' id='word_1_79' title='bbox 1243 1131 1457 1198; x_wconf 85' lang='lat' dir='ltr'>Sancte,</span> <span class='ocrx_word' id='word_1_80' title='bbox 1491 1131 1586 1198; x_wconf 86' lang='lat' dir='ltr'>ait,</span> <span class='ocrx_word' id='word_1_81' title='bbox 1619 1131 1838 1186; x_wconf 86' lang='lat' dir='ltr'>Germa-</span> 
     </span>
    </p>
   </div>
   <div class='ocr_carea' id='block_1_13' title="bbox 239 1219 1835 1292">
    <p class='ocr_par' dir='ltr' id='par_1_13' title="bbox 239 1219 1835 1292">
     <span class='ocr_line' id='line_1_13' title="bbox 239 1219 1835 1292; baseline 0.001 -18"><span class='ocrx_word' id='word_1_82' title='bbox 239 1234 328 1289; x_wconf 88' lang='lat' dir='ltr'>ne,</span> <span class='ocrx_word' id='word_1_83' title='bbox 360 1219 405 1275; x_wconf 89' lang='lat' dir='ltr'>si</span> <span class='ocrx_word' id='word_1_84' title='bbox 437 1236 543 1292; x_wconf 90' lang='lat' dir='ltr'>qua</span> <span class='ocrx_word' id='word_1_85' title='bbox 570 1220 650 1275; x_wconf 91' lang='lat' dir='ltr'>tui</span> <span class='ocrx_word' id='word_1_86' title='bbox 681 1219 979 1276; x_wconf 88' lang='lat' dir='ltr'>sacerdotis</span> <span class='ocrx_word' id='word_1_87' title='bbox 1003 1228 1052 1276; x_wconf 93' lang='lat' dir='ltr'>te</span> <span class='ocrx_word' id='word_1_88' title='bbox 1082 1220 1294 1276; x_wconf 89' lang='lat' dir='ltr'>detinet</span> <span class='ocrx_word' id='word_1_89' title='bbox 1314 1237 1464 1288; x_wconf 81' lang='lat' dir='ltr'>cura,</span> <span class='ocrx_word' id='word_1_90' title='bbox 1491 1220 1592 1275; x_wconf 89' lang='lat' dir='ltr'>hos</span> <span class='ocrx_word' id='word_1_91' title='bbox 1622 1221 1733 1292; x_wconf 84' lang='lat' dir='ltr'>agri</span> <span class='ocrx_word' id='word_1_92' title='bbox 1757 1221 1835 1276; x_wconf 89' lang='lat' dir='ltr'>tui</span> 
     </span>
    </p>
   </div>
   <div class='ocr_carea' id='block_1_14' title="bbox 239 1308 1830 1381">
    <p class='ocr_par' dir='ltr' id='par_1_14' title="bbox 239 1308 1830 1381">
     <span class='ocr_line' id='line_1_14' title="bbox 239 1308 1830 1381; baseline 0.001 -18"><span class='ocrx_word' id='word_1_93' title='bbox 239 1309 503 1365; x_wconf 88' lang='lat' dir='ltr'>terminos</span> <span class='ocrx_word' id='word_1_94' title='bbox 522 1325 552 1363; x_wconf 91' lang='lat' dir='ltr'>a</span> <span class='ocrx_word' id='word_1_95' title='bbox 572 1308 990 1381; x_wconf 88' lang='lat' dir='ltr'>pervadentium</span> <span class='ocrx_word' id='word_1_96' title='bbox 1017 1317 1168 1366; x_wconf 92' lang='lat' dir='ltr'>tuere</span> <span class='ocrx_word' id='word_1_97' title='bbox 1197 1310 1495 1367; x_wconf 89' lang='lat' dir='ltr'>calumnia.</span> <span class='ocrx_word' id='word_1_98' title='bbox 1521 1310 1617 1365; x_wconf 82' lang='lat' dir='ltr'>liis</span> <span class='ocrx_word' id='word_1_99' title='bbox 1645 1309 1830 1379; x_wconf 90' lang='lat' dir='ltr'>dictis,</span> 
     </span>
    </p>
   </div>
   <div class='ocr_carea' id='block_1_15' title="bbox 236 1397 729 1469">
    <p class='ocr_par' dir='ltr' id='par_1_15' title="bbox 236 1397 729 1469">
     <span class='ocr_line' id='line_1_15' title="bbox 236 1397 729 1469; baseline 0 -16"><span class='ocrx_word' id='word_1_100' title='bbox 236 1397 463 1454; x_wconf 90' lang='lat' dir='ltr'>domum</span> <span class='ocrx_word' id='word_1_101' title='bbox 513 1397 729 1469; x_wconf 88' lang='lat' dir='ltr'>repetit.</span> 
     </span>
    </p>
   </div>
   <div class='ocr_carea' id='block_1_16' title="bbox 306 1489 1830 1563">
    <p class='ocr_par' dir='ltr' id='par_1_16' title="bbox 306 1489 1830 1563">
     <span class='ocr_line' id='line_1_16' title="bbox 306 1489 1830 1563; baseline -0.001 -17"><span class='ocrx_word' id='word_1_102' title='bbox 306 1490 395 1546; x_wconf 75' lang='lat'>65.</span> <span class='ocrx_word' id='word_1_103' title='bbox 432 1489 663 1546; x_wconf 81' lang='lat' dir='ltr'>Vicinus</span> <span class='ocrx_word' id='word_1_104' title='bbox 694 1489 920 1559; x_wconf 84' lang='lat' dir='ltr'>interea,</span> <span class='ocrx_word' id='word_1_105' title='bbox 962 1489 1285 1563; x_wconf 88' lang='lat' dir='ltr'>cupiditatis</span> <span class='ocrx_word' id='word_1_106' title='bbox 1310 1490 1614 1547; x_wconf 89' lang='lat' dir='ltr'>acrimonia</span> <span class='ocrx_word' id='word_1_107' title='bbox 1641 1506 1830 1562; x_wconf 89' lang='lat' dir='ltr'>perur-</span> 
     </span>
    </p>
   </div>
   <div class='ocr_carea' id='block_1_17' title="bbox 234 1577 1833 1650">
    <p class='ocr_par' dir='ltr' id='par_1_17' title="bbox 234 1577 1833 1650">
     <span class='ocr_line' id='line_1_17' title="bbox 234 1577 1833 1650; baseline -0.001 -16"><span class='ocrx_word' id='word_1_108' title='bbox 234 1585 416 1650; x_wconf 87' lang='lat' dir='ltr'>gente,</span> <span class='ocrx_word' id='word_1_109' title='bbox 470 1585 639 1633; x_wconf 91' lang='lat' dir='ltr'>noctu</span> <span class='ocrx_word' id='word_1_110' title='bbox 693 1577 761 1633; x_wconf 90' lang='lat' dir='ltr'>ad</span> <span class='ocrx_word' id='word_1_111' title='bbox 811 1593 1066 1650; x_wconf 88' lang='lat' dir='ltr'>campum</span> <span class='ocrx_word' id='word_1_112' title='bbox 1106 1578 1393 1646; x_wconf 89' lang='lat' dir='ltr'>accedens,</span> <span class='ocrx_word' id='word_1_113' title='bbox 1426 1580 1758 1635; x_wconf 80' lang='lat' dir='ltr'>convulsum</span> <span class='ocrx_word' id='word_1_114' title='bbox 1802 1594 1833 1633; x_wconf 90' lang='lat' dir='ltr'>a</span> 
     </span>
    </p>
   </div>
   <div class='ocr_carea' id='block_1_18' title="bbox 232 1668 1825 1745">
    <p class='ocr_par' dir='ltr' id='par_1_18' title="bbox 232 1668 1825 1745">
     <span class='ocr_line' id='line_1_18' title="bbox 232 1668 1825 1745; baseline 0.001 -21"><span class='ocrx_word' id='word_1_115' title='bbox 232 1668 486 1725; x_wconf 89' lang='lat' dir='ltr'>terminis</span> <span class='ocrx_word' id='word_1_116' title='bbox 527 1669 764 1742; x_wconf 90' lang='lat' dir='ltr'>lapidem</span> <span class='ocrx_word' id='word_1_117' title='bbox 818 1670 979 1743; x_wconf 91' lang='lat' dir='ltr'>longe</span> <span class='ocrx_word' id='word_1_118' title='bbox 1027 1671 1283 1740; x_wconf 89' lang='lat' dir='ltr'>semovit,</span> <span class='ocrx_word' id='word_1_119' title='bbox 1316 1689 1415 1727; x_wconf 92' lang='lat' dir='ltr'>sua</span> <span class='ocrx_word' id='word_1_120' title='bbox 1461 1672 1825 1745; x_wconf 82' lang='lat' dir='ltr'>ampliﬁcans,</span> 
     </span>
    </p>
   </div>
   <div class='ocr_carea' id='block_1_19' title="bbox 1959 507 3561 585">
    <p class='ocr_par' dir='ltr' id='par_1_19' title="bbox 1959 507 3561 585">
     <span class='ocr_line' id='line_1_19' title="bbox 1959 507 3561 585; baseline 0.005 -23"><span class='ocrx_word' id='word_1_121' title='bbox 1959 507 2143 578; x_wconf 86' lang='lat' dir='ltr'>itaque</span> <span class='ocrx_word' id='word_1_122' title='bbox 2170 507 2385 580; x_wconf 87' lang='lat' dir='ltr'>aliquot</span> <span class='ocrx_word' id='word_1_123' title='bbox 2416 507 2696 577; x_wconf 87' lang='lat' dir='ltr'>fratribus,</span> <span class='ocrx_word' id='word_1_124' title='bbox 2729 508 2893 565; x_wconf 81' lang='lat' dir='ltr'>anxie</span> <span class='ocrx_word' id='word_1_125' title='bbox 2926 508 3303 581; x_wconf 87' lang='lat' dir='ltr'>properabam.</span> <span class='ocrx_word' id='word_1_126' title='bbox 3335 511 3561 585; x_wconf 83' lang='lat' dir='ltr'>Jamque</span> 
     </span>
    </p>
   </div>
   <div class='ocr_carea' id='block_1_20' title="bbox 1957 594 3557 671">
    <p class='ocr_par' dir='ltr' id='par_1_20' title="bbox 1957 594 3557 671">
     <span class='ocr_line' id='line_1_20' title="bbox 1957 594 3557 671; baseline 0.003 -21"><span class='ocrx_word' id='word_1_127' title='bbox 1957 594 2118 651; x_wconf 90' lang='lat' dir='ltr'>nobis</span> <span class='ocrx_word' id='word_1_128' title='bbox 2170 594 2413 651; x_wconf 89' lang='lat' dir='ltr'>ecclesiae</span> <span class='ocrx_word' id='word_1_129' title='bbox 2464 597 2666 653; x_wconf 87' lang='lat' dir='ltr'>atrium</span> <span class='ocrx_word' id='word_1_130' title='bbox 2714 596 3101 667; x_wconf 86' lang='lat' dir='ltr'>subeuntibus,</span> <span class='ocrx_word' id='word_1_131' title='bbox 3135 598 3291 671; x_wconf 90' lang='lat' dir='ltr'>signa</span> <span class='ocrx_word' id='word_1_132' title='bbox 3332 600 3557 655; x_wconf 88' lang='lat' dir='ltr'>solitum</span> 
     </span>
    </p>
   </div>
   <div class='ocr_carea' id='block_1_21' title="bbox 1954 683 3555 756">
    <p class='ocr_par' dir='ltr' id='par_1_21' title="bbox 1954 683 3555 756">
     <span class='ocr_line' id='line_1_21' title="bbox 1954 683 3555 756; baseline 0.002 -17"><span class='ocrx_word' id='word_1_133' title='bbox 1954 683 2150 740; x_wconf 88' lang='lat' dir='ltr'>dedere</span> <span class='ocrx_word' id='word_1_134' title='bbox 2181 683 2514 755; x_wconf 79' lang='lat' dir='ltr'>clangorem.</span> <span class='ocrx_word' id='word_1_135' title='bbox 2537 684 2824 743; x_wconf 91' lang='lat' dir='ltr'>Concitato</span> <span class='ocrx_word' id='word_1_136' title='bbox 2853 688 3039 755; x_wconf 81' lang='lat' dir='ltr'>acrius</span> <span class='ocrx_word' id='word_1_137' title='bbox 3055 703 3241 756; x_wconf 88' lang='lat' dir='ltr'>cursu,</span> <span class='ocrx_word' id='word_1_138' title='bbox 3264 687 3333 742; x_wconf 90' lang='lat' dir='ltr'>ad</span> <span class='ocrx_word' id='word_1_139' title='bbox 3354 688 3555 743; x_wconf 90' lang='lat' dir='ltr'>ostium</span> 
     </span>
    </p>
   </div>
   <div class='ocr_carea' id='block_1_22' title="bbox 1951 771 3557 848">
    <p class='ocr_par' dir='ltr' id='par_1_22' title="bbox 1951 771 3557 848">
     <span class='ocr_line' id='line_1_22' title="bbox 1951 771 3557 848; baseline 0.003 -22"><span class='ocrx_word' id='word_1_140' title='bbox 1951 771 2309 838; x_wconf 79' lang='lat' dir='ltr'>accessimus;</span> <span class='ocrx_word' id='word_1_141' title='bbox 2343 771 2490 845; x_wconf 90' lang='lat' dir='ltr'>quod</span> <span class='ocrx_word' id='word_1_142' title='bbox 2518 774 2762 829; x_wconf 90' lang='lat' dir='ltr'>clausum</span> <span class='ocrx_word' id='word_1_143' title='bbox 2793 775 3038 848; x_wconf 90' lang='lat' dir='ltr'>quidem,</span> <span class='ocrx_word' id='word_1_144' title='bbox 3066 776 3162 834; x_wconf 89' lang='lat' dir='ltr'>sed</span> <span class='ocrx_word' id='word_1_145' title='bbox 3191 775 3421 833; x_wconf 89' lang='lat' dir='ltr'>minime</span> <span class='ocrx_word' id='word_1_146' title='bbox 3447 774 3557 831; x_wconf 85' lang='lat' dir='ltr'>ob-</span> 
     </span>
    </p>
   </div>
   <div class='ocr_carea' id='block_1_23' title="bbox 1950 861 3553 938">
    <p class='ocr_par' dir='ltr' id='par_1_23' title="bbox 1950 861 3553 938">
     <span class='ocr_line' id='line_1_23' title="bbox 1950 861 3553 938; baseline 0.004 -22"><span class='ocrx_word' id='word_1_147' title='bbox 1950 868 2189 917; x_wconf 91' lang='lat' dir='ltr'>seratum</span> <span class='ocrx_word' id='word_1_148' title='bbox 2222 861 2561 918; x_wconf 86' lang='lat' dir='ltr'>invenimus.</span> <span class='ocrx_word' id='word_1_149' title='bbox 2596 863 2707 919; x_wconf 84' lang='lat' dir='ltr'>Vix</span> <span class='ocrx_word' id='word_1_150' title='bbox 2737 880 2837 920; x_wconf 92' lang='lat' dir='ltr'>nos</span> <span class='ocrx_word' id='word_1_151' title='bbox 2884 866 3077 936; x_wconf 91' lang='lat' dir='ltr'>pedem</span> <span class='ocrx_word' id='word_1_152' title='bbox 3108 883 3465 938; x_wconf 78' lang='lat' dir='ltr'>posueramus</span> <span class='ocrx_word' id='word_1_153' title='bbox 3496 865 3553 922; x_wconf 86' lang='lat' dir='ltr'>in</span> 
     </span>
    </p>
   </div>
   <div class='ocr_carea' id='block_1_24' title="bbox 1952 951 3555 1027">
    <p class='ocr_par' dir='ltr' id='par_1_24' title="bbox 1952 951 3555 1027">
     <span class='ocr_line' id='line_1_24' title="bbox 1952 951 3555 1027; baseline 0.003 -22"><span class='ocrx_word' id='word_1_154' title='bbox 1952 951 2163 1020; x_wconf 90' lang='lat' dir='ltr'>limine,</span> <span class='ocrx_word' id='word_1_155' title='bbox 2196 959 2249 1007; x_wconf 90' lang='lat' dir='ltr'>et</span> <span class='ocrx_word' id='word_1_156' title='bbox 2272 951 2387 1024; x_wconf 89' lang='lat' dir='ltr'>jam</span> <span class='ocrx_word' id='word_1_157' title='bbox 2417 952 2572 1025; x_wconf 90' lang='lat' dir='ltr'>signa</span> <span class='ocrx_word' id='word_1_158' title='bbox 2608 952 2813 1027; x_wconf 89' lang='lat' dir='ltr'>pulsari</span> <span class='ocrx_word' id='word_1_159' title='bbox 2844 953 3140 1009; x_wconf 85' lang='lat' dir='ltr'>desierant.</span> <span class='ocrx_word' id='word_1_160' title='bbox 3172 956 3291 1011; x_wconf 88' lang='lat' dir='ltr'>Huc</span> <span class='ocrx_word' id='word_1_161' title='bbox 3310 956 3555 1026; x_wconf 90' lang='lat' dir='ltr'>illucque</span> 
     </span>
    </p>
   </div>
   <div class='ocr_carea' id='block_1_25' title="bbox 1949 1041 3547 1111">
    <p class='ocr_par' dir='ltr' id='par_1_25' title="bbox 1949 1041 3547 1111">
     <span class='ocr_line' id='line_1_25' title="bbox 1949 1041 3547 1111; baseline 0.004 -15"><span class='ocrx_word' id='word_1_162' title='bbox 1949 1042 2137 1098; x_wconf 90' lang='lat' dir='ltr'>oculos</span> <span class='ocrx_word' id='word_1_163' title='bbox 2157 1042 2625 1111; x_wconf 87' lang='lat' dir='ltr'>circumferentes,</span> <span class='ocrx_word' id='word_1_164' title='bbox 2648 1041 2925 1099; x_wconf 91' lang='lat' dir='ltr'>neminem</span> <span class='ocrx_word' id='word_1_165' title='bbox 2949 1041 3007 1098; x_wconf 91' lang='lat' dir='ltr'>in</span> <span class='ocrx_word' id='word_1_166' title='bbox 3028 1043 3257 1100; x_wconf 89' lang='lat' dir='ltr'>ecclesia</span> <span class='ocrx_word' id='word_1_167' title='bbox 3276 1044 3547 1104; x_wconf 83' lang='lat' dir='ltr'>vidimus.</span> 
     </span>
    </p>
   </div>
   <div class='ocr_carea' id='block_1_26' title="bbox 1949 1129 3544 1205">
    <p class='ocr_par' dir='ltr' id='par_1_26' title="bbox 1949 1129 3544 1205">
     <span class='ocr_line' id='line_1_26' title="bbox 1949 1129 3544 1205; baseline 0.003 -19"><span class='ocrx_word' id='word_1_168' title='bbox 1949 1129 2186 1198; x_wconf 88' lang='lat' dir='ltr'>Ostium,</span> <span class='ocrx_word' id='word_1_169' title='bbox 2219 1148 2314 1205; x_wconf 90' lang='lat' dir='ltr'>per</span> <span class='ocrx_word' id='word_1_170' title='bbox 2344 1131 2491 1205; x_wconf 89' lang='lat' dir='ltr'>quod</span> <span class='ocrx_word' id='word_1_171' title='bbox 2519 1131 2659 1187; x_wconf 90' lang='lat' dir='ltr'>elabi</span> <span class='ocrx_word' id='word_1_172' title='bbox 2692 1140 2873 1204; x_wconf 85' lang='lat' dir='ltr'>posset</span> <span class='ocrx_word' id='word_1_173' title='bbox 2900 1132 3121 1205; x_wconf 88' lang='lat' dir='ltr'>aliquis,</span> <span class='ocrx_word' id='word_1_174' title='bbox 3153 1133 3375 1189; x_wconf 90' lang='lat' dir='ltr'>nullum</span> <span class='ocrx_word' id='word_1_175' title='bbox 3409 1142 3544 1191; x_wconf 89' lang='lat' dir='ltr'>erat.</span> 
     </span>
    </p>
   </div>
   <div class='ocr_carea' id='block_1_27' title="bbox 1945 1210 3545 1295">
    <p class='ocr_par' dir='ltr' id='par_1_27' title="bbox 1945 1210 3545 1295">
     <span class='ocr_line' id='line_1_27' title="bbox 1945 1210 3545 1295; baseline 0.003 -19"><span class='ocrx_word' id='word_1_176' title='bbox 1945 1223 2180 1278; x_wconf 91' lang='lat' dir='ltr'>Domum</span> <span class='ocrx_word' id='word_1_177' title='bbox 2232 1210 2531 1279; x_wconf 83' lang='lat' dir='ltr'>sacerdotis</span> <span class='ocrx_word' id='word_1_178' title='bbox 2560 1239 2775 1279; x_wconf 89' lang='lat' dir='ltr'>summa</span> <span class='ocrx_word' id='word_1_179' title='bbox 2812 1221 3090 1279; x_wconf 89' lang='lat' dir='ltr'>celeritate</span> <span class='ocrx_word' id='word_1_180' title='bbox 3120 1223 3371 1295; x_wconf 87' lang='lat' dir='ltr'>ingressi,</span> <span class='ocrx_word' id='word_1_181' title='bbox 3404 1224 3545 1281; x_wconf 78' lang='lat' dir='ltr'>dili-</span> 
     </span>
    </p>
   </div>
   <div class='ocr_carea' id='block_1_28' title="bbox 1944 1311 3539 1385">
    <p class='ocr_par' dir='ltr' id='par_1_28' title="bbox 1944 1311 3539 1385">
     <span class='ocr_line' id='line_1_28' title="bbox 1944 1311 3539 1385; baseline 0.002 -20"><span class='ocrx_word' id='word_1_182' title='bbox 1944 1320 2132 1381; x_wconf 83' lang='lat' dir='ltr'>genter</span> <span class='ocrx_word' id='word_1_183' title='bbox 2154 1319 2555 1385; x_wconf 87' lang='lat' dir='ltr'>perscrutantes</span> <span class='ocrx_word' id='word_1_184' title='bbox 2576 1312 2782 1378; x_wconf 84' lang='lat' dir='ltr'>omnia,</span> <span class='ocrx_word' id='word_1_185' title='bbox 2809 1327 3093 1384; x_wconf 90' lang='lat' dir='ltr'>personam</span> <span class='ocrx_word' id='word_1_186' title='bbox 3118 1311 3328 1367; x_wconf 91' lang='lat' dir='ltr'>nullam</span> <span class='ocrx_word' id='word_1_187' title='bbox 3350 1328 3539 1382; x_wconf 85' lang='lat' dir='ltr'>vacua,</span> 
     </span>
    </p>
   </div>
   <div class='ocr_carea' id='block_1_29' title="bbox 1942 1402 3538 1476">
    <p class='ocr_par' dir='ltr' id='par_1_29' title="bbox 1942 1402 3538 1476">
     <span class='ocr_line' id='line_1_29' title="bbox 1942 1402 3538 1476; baseline 0.003 -21"><span class='ocrx_word' id='word_1_188' title='bbox 1942 1410 2142 1458; x_wconf 89' lang='lat' dir='ltr'>cuncta</span> <span class='ocrx_word' id='word_1_189' title='bbox 2188 1403 2602 1476; x_wconf 82' lang='lat' dir='ltr'>conspeximus.</span> <span class='ocrx_word' id='word_1_190' title='bbox 2633 1402 2927 1476; x_wconf 87' lang='lat' dir='ltr'>Presbyter</span> <span class='ocrx_word' id='word_1_191' title='bbox 2958 1419 3085 1459; x_wconf 91' lang='lat' dir='ltr'>cum</span> <span class='ocrx_word' id='word_1_192' title='bbox 3117 1402 3231 1459; x_wconf 90' lang='lat' dir='ltr'>suis</span> <span class='ocrx_word' id='word_1_193' title='bbox 3260 1404 3538 1472; x_wconf 88' lang='lat' dir='ltr'>omnibus,</span> 
     </span>
    </p>
   </div>
   <div class='ocr_carea' id='block_1_30' title="bbox 1942 1490 3542 1567">
    <p class='ocr_par' dir='ltr' id='par_1_30' title="bbox 1942 1490 3542 1567">
     <span class='ocr_line' id='line_1_30' title="bbox 1942 1490 3542 1567; baseline 0.002 -23"><span class='ocrx_word' id='word_1_194' title='bbox 1942 1498 2003 1545; x_wconf 92' lang='lat' dir='ltr'>ut</span> <span class='ocrx_word' id='word_1_195' title='bbox 2026 1501 2211 1564; x_wconf 91' lang='lat' dir='ltr'>postea</span> <span class='ocrx_word' id='word_1_196' title='bbox 2241 1495 2516 1567; x_wconf 89' lang='lat' dir='ltr'>professus</span> <span class='ocrx_word' id='word_1_197' title='bbox 2546 1500 2646 1560; x_wconf 88' lang='lat' dir='ltr'>est,</span> <span class='ocrx_word' id='word_1_198' title='bbox 2679 1491 2872 1548; x_wconf 88' lang='lat' dir='ltr'>relicta</span> <span class='ocrx_word' id='word_1_199' title='bbox 2901 1490 3067 1548; x_wconf 94' lang='lat' dir='ltr'>domo</span> <span class='ocrx_word' id='word_1_200' title='bbox 3092 1508 3284 1561; x_wconf 89' lang='lat' dir='ltr'>vacua,</span> <span class='ocrx_word' id='word_1_201' title='bbox 3310 1491 3542 1564; x_wconf 87' lang='lat' dir='ltr'>jamdu-</span> 
     </span>
    </p>
   </div>
   <div class='ocr_carea' id='block_1_31' title="bbox 1941 1581 3540 1656">
    <p class='ocr_par' dir='ltr' id='par_1_31' title="bbox 1941 1581 3540 1656">
     <span class='ocr_line' id='line_1_31' title="bbox 1941 1581 3540 1656; baseline -0.001 -19"><span class='ocrx_word' id='word_1_202' title='bbox 1941 1581 2073 1637; x_wconf 92' lang='lat' dir='ltr'>dum</span> <span class='ocrx_word' id='word_1_203' title='bbox 2106 1582 2165 1637; x_wconf 92' lang='lat' dir='ltr'>in</span> <span class='ocrx_word' id='word_1_204' title='bbox 2194 1583 2386 1639; x_wconf 90' lang='lat' dir='ltr'>urbem</span> <span class='ocrx_word' id='word_1_205' title='bbox 2424 1599 2724 1656; x_wconf 87' lang='lat' dir='ltr'>pransurus</span> <span class='ocrx_word' id='word_1_206' title='bbox 2758 1581 3107 1639; x_wconf 86' lang='lat' dir='ltr'>abscesserat.</span> <span class='ocrx_word' id='word_1_207' title='bbox 3143 1581 3391 1655; x_wconf 88' lang='lat' dir='ltr'>Cumque</span> <span class='ocrx_word' id='word_1_208' title='bbox 3424 1597 3540 1637; x_wconf 92' lang='lat' dir='ltr'>rem</span> 
     </span>
    </p>
   </div>
   <div class='ocr_carea' id='block_1_32' title="bbox 1940 1672 3537 1745">
    <p class='ocr_par' dir='ltr' id='par_1_32' title="bbox 1940 1672 3537 1745">
     <span class='ocr_line' id='line_1_32' title="bbox 1940 1672 3537 1745; baseline -0.001 -17"><span class='ocrx_word' id='word_1_209' title='bbox 1940 1689 2153 1730; x_wconf 92' lang='lat' dir='ltr'>mecum</span> <span class='ocrx_word' id='word_1_210' title='bbox 2182 1674 2382 1732; x_wconf 89' lang='lat' dir='ltr'>tacitus</span> <span class='ocrx_word' id='word_1_211' title='bbox 2411 1674 2713 1743; x_wconf 89' lang='lat' dir='ltr'>volverem,</span> <span class='ocrx_word' id='word_1_212' title='bbox 2736 1672 3045 1745; x_wconf 88' lang='lat' dir='ltr'>conjectum</span> <span class='ocrx_word' id='word_1_213' title='bbox 3069 1681 3149 1729; x_wconf 89' lang='lat' dir='ltr'>est</span> <span class='ocrx_word' id='word_1_214' title='bbox 3170 1672 3237 1728; x_wconf 88' lang='lat' dir='ltr'>ab</span> <span class='ocrx_word' id='word_1_215' title='bbox 3259 1673 3537 1743; x_wconf 89' lang='lat' dir='ltr'>omnibus,</span> 
     </span>
    </p>
   </div>
   <div class='ocr_carea' id='block_1_33' title="bbox 230 1758 3537 1845">
    <p class='ocr_par' dir='ltr' id='par_1_33' title="bbox 230 1758 3537 1845">
     <span class='ocr_line' id='line_1_33' title="bbox 230 1758 3537 1845; baseline 0.002 -33"><span class='ocrx_word' id='word_1_216' title='bbox 230 1758 410 1813; x_wconf 89' lang='lat' dir='ltr'>aliena</span> <span class='ocrx_word' id='word_1_217' title='bbox 450 1774 735 1830; x_wconf 87' lang='lat' dir='ltr'>perperam</span> <span class='ocrx_word' id='word_1_218' title='bbox 765 1767 1149 1831; x_wconf 86' lang='lat' dir='ltr'>coangustans.</span> <span class='ocrx_word' id='word_1_219' title='bbox 1184 1761 1283 1845; x_wconf 84' lang='lat' dir='ltr'>Die</span> <span class='ocrx_word' id='word_1_220' title='bbox 1312 1761 1553 1830; x_wconf 90' lang='lat' dir='ltr'>reddito,</span> <span class='ocrx_word' id='word_1_221' title='bbox 1591 1761 1828 1833; x_wconf 90' lang='lat' dir='ltr'>presby—</span> <span class='ocrx_word' id='word_1_222' title='bbox 1860 1787 1902 1845; x_wconf 81' lang='grc' dir='ltr'>Β</span> <span class='ocrx_word' id='word_1_223' title='bbox 1937 1761 2095 1819; x_wconf 88' lang='lat' dir='ltr'>beato</span> <span class='ocrx_word' id='word_1_224' title='bbox 2117 1763 2391 1820; x_wconf 89' lang='lat' dir='ltr'>Germano</span> <span class='ocrx_word' id='word_1_225' title='bbox 2413 1763 2603 1821; x_wconf 88' lang='lat' dir='ltr'>divina</span> <span class='ocrx_word' id='word_1_226' title='bbox 2624 1780 2849 1837; x_wconf 86' lang='lat' dir='ltr'>vespere</span> <span class='ocrx_word' id='word_1_227' title='bbox 2871 1780 2980 1820; x_wconf 90' lang='lat' dir='ltr'>non</span> <span class='ocrx_word' id='word_1_228' title='bbox 2998 1764 3239 1819; x_wconf 90' lang='lat' dir='ltr'>defuisse</span> <span class='ocrx_word' id='word_1_229' title='bbox 3254 1762 3537 1837; x_wconf 89' lang='lat' dir='ltr'>obsequia,</span> 
     </span>
    </p>
   </div>
   <div class='ocr_carea' id='block_1_34' title="bbox 229 1840 1831 1924">
    <p class='ocr_par' dir='ltr' id='par_1_34' title="bbox 229 1840 1831 1924">
     <span class='ocr_line' id='line_1_34' title="bbox 229 1840 1831 1924; baseline 0.001 -21"><span class='ocrx_word' id='word_1_230' title='bbox 229 1855 314 1903; x_wconf 90' lang='lat' dir='ltr'>ter</span> <span class='ocrx_word' id='word_1_231' title='bbox 344 1847 674 1918; x_wconf 86' lang='lat' dir='ltr'>revertitur;</span> <span class='ocrx_word' id='word_1_232' title='bbox 715 1850 950 1908; x_wconf 90' lang='lat' dir='ltr'>violatos</span> <span class='ocrx_word' id='word_1_233' title='bbox 980 1840 1245 1907; x_wconf 90' lang='lat' dir='ltr'>terminos</span> <span class='ocrx_word' id='word_1_234' title='bbox 1283 1851 1510 1924; x_wconf 85' lang='lat' dir='ltr'>aspicit;</span> <span class='ocrx_word' id='word_1_235' title='bbox 1543 1859 1705 1924; x_wconf 90' lang='lat' dir='ltr'>atque</span> <span class='ocrx_word' id='word_1_236' title='bbox 1734 1851 1831 1906; x_wconf 88' lang='lat' dir='ltr'>ite-</span> 
     </span>
    </p>
   </div>
   <div class='ocr_carea' id='block_1_35' title="bbox 230 1940 1825 2013">
    <p class='ocr_par' dir='ltr' id='par_1_35' title="bbox 230 1940 1825 2013">
     <span class='ocr_line' id='line_1_35' title="bbox 230 1940 1825 2013; baseline -0.001 -19"><span class='ocrx_word' id='word_1_237' title='bbox 230 1947 364 1996; x_wconf 83' lang='lat' dir='ltr'>ratae</span> <span class='ocrx_word' id='word_1_238' title='bbox 394 1940 718 1996; x_wconf 76' lang='lat' dir='ltr'>temeritatis</span> <span class='ocrx_word' id='word_1_239' title='bbox 746 1941 1063 2013; x_wconf 76' lang='lat' dir='ltr'>impatiens,</span> <span class='ocrx_word' id='word_1_240' title='bbox 1096 1942 1224 1997; x_wconf 86' lang='lat' dir='ltr'>felle</span> <span class='ocrx_word' id='word_1_241' title='bbox 1262 1950 1541 1997; x_wconf 91' lang='lat' dir='ltr'>commoto</span> <span class='ocrx_word' id='word_1_242' title='bbox 1568 1959 1578 1997; x_wconf 94' lang='lat'><strong>:</strong></span> <span class='ocrx_word' id='word_1_243' title='bbox 1612 1941 1825 2008; x_wconf 86' lang='lat' dir='ltr'>Nonne,</span> 
     </span>
    </p>
   </div>
   <div class='ocr_carea' id='block_1_36' title="bbox 226 2029 1827 2099">
    <p class='ocr_par' dir='ltr' id='par_1_36' title="bbox 226 2029 1827 2099">
     <span class='ocr_line' id='line_1_36' title="bbox 226 2029 1827 2099; baseline -0.001 -14"><span class='ocrx_word' id='word_1_244' title='bbox 226 2029 326 2098; x_wconf 89' lang='lat' dir='ltr'>ait,</span> <span class='ocrx_word' id='word_1_245' title='bbox 358 2037 540 2086; x_wconf 90' lang='lat' dir='ltr'>sancte</span> <span class='ocrx_word' id='word_1_246' title='bbox 595 2030 882 2099; x_wconf 89' lang='lat' dir='ltr'>Germane,</span> <span class='ocrx_word' id='word_1_247' title='bbox 918 2038 1025 2087; x_wconf 66' lang='lat' dir='ltr'>tua:</span> <span class='ocrx_word' id='word_1_248' title='bbox 1067 2030 1195 2087; x_wconf 80' lang='lat' dir='ltr'>fidei</span> <span class='ocrx_word' id='word_1_249' title='bbox 1244 2031 1350 2087; x_wconf 91' lang='lat' dir='ltr'>ista</span> <span class='ocrx_word' id='word_1_250' title='bbox 1387 2032 1769 2086; x_wconf 89' lang='lat' dir='ltr'>commiseram</span> <span class='ocrx_word' id='word_1_251' title='bbox 1800 2029 1827 2084; x_wconf 74' lang='grc' dir='ltr'>τ</span> 
     </span>
    </p>
   </div>
   <div class='ocr_carea' id='block_1_37' title="bbox 224 2116 1826 2190">
    <p class='ocr_par' dir='ltr' id='par_1_37' title="bbox 224 2116 1826 2190">
     <span class='ocr_line' id='line_1_37' title="bbox 224 2116 1826 2190; baseline -0.002 -17"><span class='ocrx_word' id='word_1_252' title='bbox 224 2116 341 2174; x_wconf 82' lang='lat' dir='ltr'>Vix</span> <span class='ocrx_word' id='word_1_253' title='bbox 370 2118 472 2173; x_wconf 92' lang='lat' dir='ltr'>iste</span> <span class='ocrx_word' id='word_1_254' title='bbox 511 2118 569 2172; x_wconf 90' lang='lat' dir='ltr'>in</span> <span class='ocrx_word' id='word_1_255' title='bbox 600 2134 795 2189; x_wconf 89' lang='lat' dir='ltr'>campo</span> <span class='ocrx_word' id='word_1_256' title='bbox 825 2119 992 2172; x_wconf 75' lang='lat' dir='ltr'>verba</span> <span class='ocrx_word' id='word_1_257' title='bbox 1022 2121 1413 2190; x_wconf 90' lang='lat' dir='ltr'>compleverat,</span> <span class='ocrx_word' id='word_1_258' title='bbox 1446 2126 1498 2174; x_wconf 91' lang='lat' dir='ltr'>et</span> <span class='ocrx_word' id='word_1_259' title='bbox 1517 2118 1631 2189; x_wconf 90' lang='lat' dir='ltr'>jam</span> <span class='ocrx_word' id='word_1_260' title='bbox 1663 2116 1826 2173; x_wconf 90' lang='lat' dir='ltr'>sacri-</span> 
     </span>
    </p>
   </div>
   <div class='ocr_carea' id='block_1_38' title="bbox 221 2204 1827 2278">
    <p class='ocr_par' dir='ltr' id='par_1_38' title="bbox 221 2204 1827 2278">
     <span class='ocr_line' id='line_1_38' title="bbox 221 2204 1827 2278; baseline -0.001 -17"><span class='ocrx_word' id='word_1_261' title='bbox 221 2205 411 2278; x_wconf 86' lang='lat' dir='ltr'>legum</span> <span class='ocrx_word' id='word_1_262' title='bbox 439 2206 586 2259; x_wconf 92' lang='lat' dir='ltr'>intra</span> <span class='ocrx_word' id='word_1_263' title='bbox 618 2204 947 2260; x_wconf 89' lang='lat' dir='ltr'>domesticos</span> <span class='ocrx_word' id='word_1_264' title='bbox 977 2206 1208 2275; x_wconf 92' lang='lat' dir='ltr'>parietes</span> <span class='ocrx_word' id='word_1_265' title='bbox 1237 2206 1413 2262; x_wconf 85' lang='lat' dir='ltr'>ultrix</span> <span class='ocrx_word' id='word_1_266' title='bbox 1441 2222 1601 2277; x_wconf 81' lang='lat' dir='ltr'>pcena</span> <span class='ocrx_word' id='word_1_267' title='bbox 1631 2206 1827 2276; x_wconf 87' lang='lat' dir='ltr'>plecte-</span> 
     </span>
    </p>
   </div>
   <div class='ocr_carea' id='block_1_39' title="bbox 218 2292 1827 2365">
    <p class='ocr_par' dir='ltr' id='par_1_39' title="bbox 218 2292 1827 2365">
     <span class='ocr_line' id='line_1_39' title="bbox 218 2292 1827 2365; baseline -0.002 -15"><span class='ocrx_word' id='word_1_268' title='bbox 218 2294 321 2350; x_wconf 90' lang='lat' dir='ltr'>bat</span> <span class='ocrx_word' id='word_1_269' title='bbox 344 2314 357 2360; x_wconf 82' lang='lat'>;</span> <span class='ocrx_word' id='word_1_270' title='bbox 392 2293 591 2349; x_wconf 90' lang='lat' dir='ltr'>subitis</span> <span class='ocrx_word' id='word_1_271' title='bbox 612 2292 894 2349; x_wconf 89' lang='lat' dir='ltr'>doloribus</span> <span class='ocrx_word' id='word_1_272' title='bbox 914 2292 1209 2365; x_wconf 90' lang='lat' dir='ltr'>corripitur</span> <span class='ocrx_word' id='word_1_273' title='bbox 1233 2313 1245 2361; x_wconf 91' lang='lat'>;</span> <span class='ocrx_word' id='word_1_274' title='bbox 1281 2300 1335 2348; x_wconf 92' lang='lat' dir='ltr'>et</span> <span class='ocrx_word' id='word_1_275' title='bbox 1362 2293 1495 2349; x_wconf 89' lang='lat' dir='ltr'>totis</span> <span class='ocrx_word' id='word_1_276' title='bbox 1513 2299 1827 2349; x_wconf 89' lang='lat' dir='ltr'>contractus</span> 
     </span>
    </p>
   </div>
   <div class='ocr_carea' id='block_1_40' title="bbox 220 2389 1825 2460">
    <p class='ocr_par' dir='ltr' id='par_1_40' title="bbox 220 2389 1825 2460">
     <span class='ocr_line' id='line_1_40' title="bbox 220 2389 1825 2460; baseline -0.001 -15"><span class='ocrx_word' id='word_1_277' title='bbox 220 2389 510 2460; x_wconf 90' lang='lat' dir='ltr'>membris,</span> <span class='ocrx_word' id='word_1_278' title='bbox 542 2390 748 2447; x_wconf 91' lang='lat' dir='ltr'>virium</span> <span class='ocrx_word' id='word_1_279' title='bbox 786 2390 1131 2448; x_wconf 88' lang='lat' dir='ltr'>adminiculo</span> <span class='ocrx_word' id='word_1_280' title='bbox 1180 2389 1521 2448; x_wconf 88' lang='lat' dir='ltr'>destituitur.</span> <span class='ocrx_word' id='word_1_281' title='bbox 1576 2391 1704 2445; x_wconf 85' lang='lat' dir='ltr'>Mox</span> <span class='ocrx_word' id='word_1_282' title='bbox 1750 2395 1825 2443; x_wconf 90' lang='lat' dir='ltr'>te-</span> 
     </span>
    </p>
   </div>
   <div class='ocr_carea' id='block_1_41' title="bbox 218 2477 1822 2550">
    <p class='ocr_par' dir='ltr' id='par_1_41' title="bbox 218 2477 1822 2550">
     <span class='ocr_line' id='line_1_41' title="bbox 218 2477 1822 2550; baseline -0.001 -17"><span class='ocrx_word' id='word_1_283' title='bbox 218 2478 498 2536; x_wconf 87' lang='lat' dir='ltr'>meritatis</span> <span class='ocrx_word' id='word_1_284' title='bbox 546 2480 926 2550; x_wconf 89' lang='lat' dir='ltr'>reminiscens,</span> <span class='ocrx_word' id='word_1_285' title='bbox 958 2481 1165 2536; x_wconf 92' lang='lat' dir='ltr'>amicos</span> <span class='ocrx_word' id='word_1_286' title='bbox 1201 2479 1469 2547; x_wconf 89' lang='lat' dir='ltr'>advocat;</span> <span class='ocrx_word' id='word_1_287' title='bbox 1521 2477 1822 2535; x_wconf 91' lang='lat' dir='ltr'>consilium</span> 
     </span>
    </p>
   </div>
   <div class='ocr_carea' id='block_1_42' title="bbox 218 2570 1826 2642">
    <p class='ocr_par' dir='ltr' id='par_1_42' title="bbox 218 2570 1826 2642">
     <span class='ocr_line' id='line_1_42' title="bbox 218 2570 1826 2642; baseline 0.001 -17"><span class='ocrx_word' id='word_1_288' title='bbox 218 2570 462 2626; x_wconf 83' lang='lat' dir='ltr'>salutare</span> <span class='ocrx_word' id='word_1_289' title='bbox 492 2570 784 2642; x_wconf 91' lang='lat' dir='ltr'>implorat;</span> <span class='ocrx_word' id='word_1_290' title='bbox 817 2570 884 2625; x_wconf 90' lang='lat' dir='ltr'>ad</span> <span class='ocrx_word' id='word_1_291' title='bbox 913 2570 1301 2642; x_wconf 89' lang='lat' dir='ltr'>presbyterum</span> <span class='ocrx_word' id='word_1_292' title='bbox 1320 2586 1414 2642; x_wconf 90' lang='lat' dir='ltr'>per</span> <span class='ocrx_word' id='word_1_293' title='bbox 1435 2570 1640 2626; x_wconf 90' lang='lat' dir='ltr'>amicos</span> <span class='ocrx_word' id='word_1_294' title='bbox 1665 2585 1826 2626; x_wconf 90' lang='lat' dir='ltr'>causa</span> 
     </span>
    </p>
   </div>
   <div class='ocr_carea' id='block_1_43' title="bbox 217 2657 1826 2731">
    <p class='ocr_par' dir='ltr' id='par_1_43' title="bbox 217 2657 1826 2731">
     <span class='ocr_line' id='line_1_43' title="bbox 217 2657 1826 2731; baseline 0.002 -19"><span class='ocrx_word' id='word_1_295' title='bbox 217 2657 505 2726; x_wconf 84' lang='lat' dir='ltr'>defertur;</span> <span class='ocrx_word' id='word_1_296' title='bbox 540 2666 601 2714; x_wconf 93' lang='lat' dir='ltr'>ut</span> <span class='ocrx_word' id='word_1_297' title='bbox 630 2660 830 2715; x_wconf 91' lang='lat' dir='ltr'>misero</span> <span class='ocrx_word' id='word_1_298' title='bbox 858 2662 945 2731; x_wconf 89' lang='lat' dir='ltr'>pie</span> <span class='ocrx_word' id='word_1_299' title='bbox 975 2660 1246 2729; x_wconf 90' lang='lat' dir='ltr'>consulat,</span> <span class='ocrx_word' id='word_1_300' title='bbox 1278 2659 1567 2715; x_wconf 89' lang='lat' dir='ltr'>humiliter</span> <span class='ocrx_word' id='word_1_301' title='bbox 1602 2659 1826 2731; x_wconf 85' lang='lat' dir='ltr'>ﬂagita-</span> 
     </span>
    </p>
   </div>
   <div class='ocr_carea' id='block_1_44' title="bbox 217 2747 1823 2821">
    <p class='ocr_par' dir='ltr' id='par_1_44' title="bbox 217 2747 1823 2821">
     <span class='ocr_line' id='line_1_44' title="bbox 217 2747 1823 2821; baseline -0.001 -17"><span class='ocrx_word' id='word_1_302' title='bbox 217 2756 335 2804; x_wconf 86' lang='lat' dir='ltr'>tur.</span> <span class='ocrx_word' id='word_1_303' title='bbox 376 2749 473 2803; x_wconf 90' lang='lat' dir='ltr'>Ille</span> <span class='ocrx_word' id='word_1_304' title='bbox 504 2750 719 2804; x_wconf 90' lang='lat' dir='ltr'>nullum</span> <span class='ocrx_word' id='word_1_305' title='bbox 748 2748 1072 2821; x_wconf 57' lang='lat' dir='ltr'>praesentius</span> <span class='ocrx_word' id='word_1_306' title='bbox 1093 2748 1398 2804; x_wconf 89' lang='lat' dir='ltr'>remedium</span> <span class='ocrx_word' id='word_1_307' title='bbox 1428 2765 1483 2805; x_wconf 90' lang='lat' dir='ltr'>se</span> <span class='ocrx_word' id='word_1_308' title='bbox 1514 2747 1653 2805; x_wconf 91' lang='lat' dir='ltr'>scire</span> <span class='ocrx_word' id='word_1_309' title='bbox 1685 2765 1823 2803; x_wconf 87' lang='lat' dir='ltr'>asse-</span> 
     </span>
    </p>
   </div>
   <div class='ocr_carea' id='block_1_45' title="bbox 217 2836 1821 2911">
    <p class='ocr_par' dir='ltr' id='par_1_45' title="bbox 217 2836 1821 2911">
     <span class='ocr_line' id='line_1_45' title="bbox 217 2836 1821 2911; baseline 0 -20"><span class='ocrx_word' id='word_1_310' title='bbox 217 2836 320 2905; x_wconf 89' lang='lat' dir='ltr'>rit,</span> <span class='ocrx_word' id='word_1_311' title='bbox 352 2853 515 2910; x_wconf 91' lang='lat' dir='ltr'>quam</span> <span class='ocrx_word' id='word_1_312' title='bbox 560 2844 640 2906; x_wconf 92' lang='lat' dir='ltr'>ut,</span> <span class='ocrx_word' id='word_1_313' title='bbox 672 2837 819 2893; x_wconf 86' lang='lat' dir='ltr'>votis</span> <span class='ocrx_word' id='word_1_314' title='bbox 857 2840 1112 2911; x_wconf 90' lang='lat' dir='ltr'>sumptis,</span> <span class='ocrx_word' id='word_1_315' title='bbox 1147 2837 1215 2894; x_wconf 89' lang='lat' dir='ltr'>ad</span> <span class='ocrx_word' id='word_1_316' title='bbox 1263 2836 1382 2909; x_wconf 89' lang='lat' dir='ltr'>ejus</span> <span class='ocrx_word' id='word_1_317' title='bbox 1428 2853 1483 2891; x_wconf 92' lang='lat' dir='ltr'>se</span> <span class='ocrx_word' id='word_1_318' title='bbox 1534 2836 1821 2894; x_wconf 88' lang='lat' dir='ltr'>ecclesiam</span> 
     </span>
    </p>
   </div>
   <div class='ocr_carea' id='block_1_46' title="bbox 217 2925 1825 2998">
    <p class='ocr_par' dir='ltr' id='par_1_46' title="bbox 217 2925 1825 2998">
     <span class='ocr_line' id='line_1_46' title="bbox 217 2925 1825 2998; baseline -0.002 -15"><span class='ocrx_word' id='word_1_319' title='bbox 217 2927 492 2994; x_wconf 87' lang='lat' dir='ltr'>conferat,</span> <span class='ocrx_word' id='word_1_320' title='bbox 528 2925 686 2997; x_wconf 90' lang='lat' dir='ltr'>cujus</span> <span class='ocrx_word' id='word_1_321' title='bbox 717 2925 922 2981; x_wconf 73' lang='lat' dir='ltr'>offensa</span> <span class='ocrx_word' id='word_1_322' title='bbox 950 2943 1075 2982; x_wconf 91' lang='lat' dir='ltr'>eum</span> <span class='ocrx_word' id='word_1_323' title='bbox 1108 2926 1240 2981; x_wconf 88' lang='lat' dir='ltr'>talia</span> <span class='ocrx_word' id='word_1_324' title='bbox 1278 2927 1568 2998; x_wconf 85' lang='lat' dir='ltr'>pertulisse</span> <span class='ocrx_word' id='word_1_325' title='bbox 1596 2933 1825 2983; x_wconf 88' lang='lat' dir='ltr'>consta-</span> 
     </span>
    </p>
   </div>
   <div class='ocr_carea' id='block_1_47' title="bbox 216 3015 1823 3089">
    <p class='ocr_par' dir='ltr' id='par_1_47' title="bbox 216 3015 1823 3089">
     <span class='ocr_line' id='line_1_47' title="bbox 216 3015 1823 3089; baseline -0.001 -17"><span class='ocrx_word' id='word_1_326' title='bbox 216 3015 335 3072; x_wconf 88' lang='lat' dir='ltr'>bat.</span> <span class='ocrx_word' id='word_1_327' title='bbox 380 3016 687 3073; x_wconf 88' lang='lat' dir='ltr'>Gcstatorio</span> <span class='ocrx_word' id='word_1_328' title='bbox 735 3015 970 3086; x_wconf 88' lang='lat' dir='ltr'>delatus,</span> <span class='ocrx_word' id='word_1_329' title='bbox 1004 3016 1267 3084; x_wconf 90' lang='lat' dir='ltr'>accessit;</span> <span class='ocrx_word' id='word_1_330' title='bbox 1317 3032 1520 3089; x_wconf 91' lang='lat' dir='ltr'>perque</span> <span class='ocrx_word' id='word_1_331' title='bbox 1563 3015 1679 3071; x_wconf 91' lang='lat' dir='ltr'>dies</span> <span class='ocrx_word' id='word_1_332' title='bbox 1708 3015 1823 3070; x_wconf 88' lang='lat' dir='ltr'>ali-</span> 
     </span>
    </p>
   </div>
   <div class='ocr_carea' id='block_1_48' title="bbox 1941 1851 3537 1925">
    <p class='ocr_par' dir='ltr' id='par_1_48' title="bbox 1941 1851 3537 1925">
     <span class='ocr_line' id='line_1_48' title="bbox 1941 1851 3537 1925; baseline 0.003 -20"><span class='ocrx_word' id='word_1_333' title='bbox 1941 1868 2060 1923; x_wconf 80' lang='lat' dir='ltr'>qua:</span> <span class='ocrx_word' id='word_1_334' title='bbox 2091 1851 2158 1907; x_wconf 89' lang='lat' dir='ltr'>ab</span> <span class='ocrx_word' id='word_1_335' title='bbox 2197 1852 2522 1909; x_wconf 91' lang='lat' dir='ltr'>hominibus</span> <span class='ocrx_word' id='word_1_336' title='bbox 2547 1854 2724 1925; x_wconf 90' lang='lat' dir='ltr'>palam</span> <span class='ocrx_word' id='word_1_337' title='bbox 2765 1852 3095 1908; x_wconf 89' lang='lat' dir='ltr'>videbantur</span> <span class='ocrx_word' id='word_1_338' title='bbox 3133 1869 3248 1909; x_wconf 89' lang='lat' dir='ltr'>esse</span> <span class='ocrx_word' id='word_1_339' title='bbox 3272 1854 3537 1925; x_wconf 87' lang='lat' dir='ltr'>neglecta.</span> 
     </span>
    </p>
   </div>
   <div class='ocr_carea' id='block_1_49' title="bbox 1941 1941 3542 2013">
    <p class='ocr_par' dir='ltr' id='par_1_49' title="bbox 1941 1941 3542 2013">
     <span class='ocr_line' id='line_1_49' title="bbox 1941 1941 3542 2013; baseline 0.001 -16"><span class='ocrx_word' id='word_1_340' title='bbox 1941 1941 2333 1998; x_wconf 88' lang='lat' dir='ltr'>Consummato</span> <span class='ocrx_word' id='word_1_341' title='bbox 2362 1944 2567 2012; x_wconf 79' lang='lat' dir='ltr'>ofﬁcio,</span> <span class='ocrx_word' id='word_1_342' title='bbox 2599 1944 2806 2001; x_wconf 90' lang='lat' dir='ltr'>alacres</span> <span class='ocrx_word' id='word_1_343' title='bbox 2834 1944 3209 2013; x_wconf 87' lang='lat' dir='ltr'>discessimus,</span> <span class='ocrx_word' id='word_1_344' title='bbox 3238 1944 3542 2000; x_wconf 90' lang='lat' dir='ltr'>luminari—</span> 
     </span>
    </p>
   </div>
   <div class='ocr_carea' id='block_1_50' title="bbox 1938 2030 3539 2106">
    <p class='ocr_par' dir='ltr' id='par_1_50' title="bbox 1938 2030 3539 2106">
     <span class='ocr_line' id='line_1_50' title="bbox 1938 2030 3539 2106; baseline 0.002 -21"><span class='ocrx_word' id='word_1_345' title='bbox 1938 2030 2040 2087; x_wconf 92' lang='lat' dir='ltr'>bus</span> <span class='ocrx_word' id='word_1_346' title='bbox 2072 2032 2129 2087; x_wconf 91' lang='lat' dir='ltr'>in</span> <span class='ocrx_word' id='word_1_347' title='bbox 2158 2040 2377 2089; x_wconf 89' lang='lat' dir='ltr'>noctem</span> <span class='ocrx_word' id='word_1_348' title='bbox 2414 2033 2757 2105; x_wconf 85' lang='lat' dir='ltr'>compositis,</span> <span class='ocrx_word' id='word_1_349' title='bbox 2786 2042 2839 2089; x_wconf 92' lang='lat' dir='ltr'>et</span> <span class='ocrx_word' id='word_1_350' title='bbox 2868 2033 3027 2089; x_wconf 88' lang='lat' dir='ltr'>ostiis</span> <span class='ocrx_word' id='word_1_351' title='bbox 3049 2034 3292 2091; x_wconf 74' lang='lat' dir='ltr'>ecclesiae</span> <span class='ocrx_word' id='word_1_352' title='bbox 3309 2034 3539 2106; x_wconf 84' lang='lat' dir='ltr'>diligen-</span> 
     </span>
    </p>
   </div>
   <div class='ocr_carea' id='block_1_51' title="bbox 1938 2122 3537 2195">
    <p class='ocr_par' dir='ltr' id='par_1_51' title="bbox 1938 2122 3537 2195">
     <span class='ocr_line' id='line_1_51' title="bbox 1938 2122 3537 2195; baseline 0.001 -19"><span class='ocrx_word' id='word_1_353' title='bbox 1938 2122 2047 2178; x_wconf 91' lang='lat' dir='ltr'>tius</span> <span class='ocrx_word' id='word_1_354' title='bbox 2076 2122 2455 2179; x_wconf 90' lang='lat' dir='ltr'>communitis.</span> <span class='ocrx_word' id='word_1_355' title='bbox 2488 2124 2560 2179; x_wconf 86' lang='lat' dir='ltr'>Et</span> <span class='ocrx_word' id='word_1_356' title='bbox 2590 2139 2901 2195; x_wconf 84' lang='lat' dir='ltr'>quanquam</span> <span class='ocrx_word' id='word_1_357' title='bbox 2937 2138 3091 2178; x_wconf 89' lang='lat' dir='ltr'>mens</span> <span class='ocrx_word' id='word_1_358' title='bbox 3129 2123 3381 2179; x_wconf 88' lang='lat' dir='ltr'>miraculi</span> <span class='ocrx_word' id='word_1_359' title='bbox 3412 2139 3537 2179; x_wconf 89' lang='lat' dir='ltr'>con-</span> 
     </span>
    </p>
   </div>
   <div class='ocr_carea' id='block_1_52' title="bbox 1937 2209 3535 2282">
    <p class='ocr_par' dir='ltr' id='par_1_52' title="bbox 1937 2209 3535 2282">
     <span class='ocr_line' id='line_1_52' title="bbox 1937 2209 3535 2282; baseline 0.003 -19"><span class='ocrx_word' id='word_1_360' title='bbox 1937 2209 2051 2263; x_wconf 90' lang='lat' dir='ltr'>scia</span> <span class='ocrx_word' id='word_1_361' title='bbox 2079 2209 2136 2263; x_wconf 91' lang='lat' dir='ltr'>in</span> <span class='ocrx_word' id='word_1_362' title='bbox 2186 2209 2469 2265; x_wconf 88' lang='lat' dir='ltr'>interioris</span> <span class='ocrx_word' id='word_1_363' title='bbox 2505 2210 2749 2265; x_wconf 87' lang='lat' dir='ltr'>hominis</span> <span class='ocrx_word' id='word_1_364' title='bbox 2796 2210 3167 2281; x_wconf 86' lang='lat' dir='ltr'>penetralibus</span> <span class='ocrx_word' id='word_1_365' title='bbox 3214 2210 3535 2282; x_wconf 89' lang='lat' dir='ltr'>plauderet;</span> 
     </span>
    </p>
   </div>
   <div class='ocr_carea' id='block_1_53' title="bbox 1938 2297 3538 2369">
    <p class='ocr_par' dir='ltr' id='par_1_53' title="bbox 1938 2297 3538 2369">
     <span class='ocr_line' id='line_1_53' title="bbox 1938 2297 3538 2369; baseline 0.004 -19"><span class='ocrx_word' id='word_1_366' title='bbox 1938 2297 2107 2351; x_wconf 85' lang='lat' dir='ltr'>malui</span> <span class='ocrx_word' id='word_1_367' title='bbox 2142 2305 2323 2352; x_wconf 89' lang='lat' dir='ltr'>tamen</span> <span class='ocrx_word' id='word_1_368' title='bbox 2354 2300 2572 2353; x_wconf 67' lang='lat' dir='ltr'>caeleste</span> <span class='ocrx_word' id='word_1_369' title='bbox 2602 2305 2916 2368; x_wconf 85' lang='lat' dir='ltr'>portentum</span> <span class='ocrx_word' id='word_1_370' title='bbox 2946 2299 3071 2354; x_wconf 90' lang='lat' dir='ltr'>aliis</span> <span class='ocrx_word' id='word_1_371' title='bbox 3109 2300 3538 2369; x_wconf 70' lang='lat' dir='ltr'>praedicantibus</span> 
     </span>
    </p>
   </div>
   <div class='ocr_carea' id='block_1_54' title="bbox 1938 2385 3534 2460">
    <p class='ocr_par' dir='ltr' id='par_1_54' title="bbox 1938 2385 3534 2460">
     <span class='ocr_line' id='line_1_54' title="bbox 1938 2385 3534 2460; baseline 0.004 -21"><span class='ocrx_word' id='word_1_372' title='bbox 1938 2386 2246 2458; x_wconf 88' lang='lat' dir='ltr'>publicari;</span> <span class='ocrx_word' id='word_1_373' title='bbox 2298 2402 2365 2442; x_wconf 89' lang='lat' dir='ltr'>ne</span> <span class='ocrx_word' id='word_1_374' title='bbox 2415 2386 2505 2441; x_wconf 90' lang='lat' dir='ltr'>cui</span> <span class='ocrx_word' id='word_1_375' title='bbox 2555 2385 2696 2441; x_wconf 89' lang='lat' dir='ltr'>forte</span> <span class='ocrx_word' id='word_1_376' title='bbox 2744 2393 3029 2457; x_wconf 90' lang='lat' dir='ltr'>suspectus</span> <span class='ocrx_word' id='word_1_377' title='bbox 3070 2386 3331 2456; x_wconf 81' lang='lat' dir='ltr'>eﬂicerer,</span> <span class='ocrx_word' id='word_1_378' title='bbox 3366 2388 3534 2460; x_wconf 89' lang='lat' dir='ltr'>quod,</span> 
     </span>
    </p>
   </div>
   <div class='ocr_carea' id='block_1_55' title="bbox 1936 2473 3536 2545">
    <p class='ocr_par' dir='ltr' id='par_1_55' title="bbox 1936 2473 3536 2545">
     <span class='ocr_line' id='line_1_55' title="bbox 1936 2473 3536 2545; baseline 0 -15"><span class='ocrx_word' id='word_1_379' title='bbox 1936 2490 2063 2530; x_wconf 93' lang='lat' dir='ltr'>cum</span> <span class='ocrx_word' id='word_1_380' title='bbox 2094 2474 2195 2529; x_wconf 91' lang='lat' dir='ltr'>sim</span> <span class='ocrx_word' id='word_1_381' title='bbox 2228 2473 2372 2530; x_wconf 88' lang='lat' dir='ltr'>beati</span> <span class='ocrx_word' id='word_1_382' title='bbox 2404 2473 2664 2529; x_wconf 90' lang='lat' dir='ltr'>Germani</span> <span class='ocrx_word' id='word_1_383' title='bbox 2696 2473 2970 2545; x_wconf 90' lang='lat' dir='ltr'>peculiare</span> <span class='ocrx_word' id='word_1_384' title='bbox 3002 2473 3358 2545; x_wconf 90' lang='lat' dir='ltr'>mancipium,</span> <span class='ocrx_word' id='word_1_385' title='bbox 3396 2476 3536 2530; x_wconf 88' lang='lat' dir='ltr'>mul-</span> 
     </span>
    </p>
   </div>
   <div class='ocr_carea' id='block_1_56' title="bbox 1937 2560 3538 2636">
    <p class='ocr_par' dir='ltr' id='par_1_56' title="bbox 1937 2560 3538 2636">
     <span class='ocr_line' id='line_1_56' title="bbox 1937 2560 3538 2636; baseline 0 -19"><span class='ocrx_word' id='word_1_386' title='bbox 1937 2562 2225 2636; x_wconf 85' lang='lat' dir='ltr'>tiplicandi</span> <span class='ocrx_word' id='word_1_387' title='bbox 2256 2561 2462 2618; x_wconf 90' lang='lat' dir='ltr'>favoris</span> <span class='ocrx_word' id='word_1_388' title='bbox 2504 2561 2676 2635; x_wconf 89' lang='lat' dir='ltr'>gratia</span> <span class='ocrx_word' id='word_1_389' title='bbox 2705 2560 2976 2616; x_wconf 90' lang='lat' dir='ltr'>voluerim</span> <span class='ocrx_word' id='word_1_390' title='bbox 3011 2560 3216 2632; x_wconf 90' lang='lat' dir='ltr'>majora</span> <span class='ocrx_word' id='word_1_391' title='bbox 3244 2577 3315 2617; x_wconf 82' lang='lat' dir='ltr'>ex</span> <span class='ocrx_word' id='word_1_392' title='bbox 3344 2562 3538 2618; x_wconf 90' lang='lat' dir='ltr'>mino—</span> 
     </span>
    </p>
   </div>
   <div class='ocr_carea' id='block_1_57' title="bbox 1937 2653 2393 2710">
    <p class='ocr_par' dir='ltr' id='par_1_57' title="bbox 1937 2653 2393 2710">
     <span class='ocr_line' id='line_1_57' title="bbox 1937 2653 2393 2710; baseline 0 -3"><span class='ocrx_word' id='word_1_393' title='bbox 1937 2653 2088 2708; x_wconf 91' lang='lat' dir='ltr'>ribus</span> <span class='ocrx_word' id='word_1_394' title='bbox 2120 2653 2393 2710; x_wconf 78' lang='lat' dir='ltr'>affectare.</span> 
     </span>
    </p>
   </div>
   <div class='ocr_carea' id='block_1_58' title="bbox 2006 2746 3537 2822">
    <p class='ocr_par' dir='ltr' id='par_1_58' title="bbox 2006 2746 3537 2822">
     <span class='ocr_line' id='line_1_58' title="bbox 2006 2746 3537 2822; baseline -0.001 -16"><span class='ocrx_word' id='word_1_395' title='bbox 2006 2751 2091 2806; x_wconf 88' lang='lat'>68.</span> <span class='ocrx_word' id='word_1_396' title='bbox 2129 2752 2301 2822; x_wconf 79' lang='lat' dir='ltr'>Pagus</span> <span class='ocrx_word' id='word_1_397' title='bbox 2323 2748 2754 2806; x_wconf 88' lang='lat' dir='ltr'>Cinomannicus</span> <span class='ocrx_word' id='word_1_398' title='bbox 2778 2756 2796 2782; x_wconf 73' lang='grc'>³</span> <span class='ocrx_word' id='word_1_399' title='bbox 2821 2746 3124 2803; x_wconf 89' lang='lat' dir='ltr'>beatissimi</span> <span class='ocrx_word' id='word_1_400' title='bbox 3146 2746 3405 2803; x_wconf 88' lang='lat' dir='ltr'>Germani</span> <span class='ocrx_word' id='word_1_401' title='bbox 3428 2764 3537 2805; x_wconf 86' lang='lat' dir='ltr'>me-</span> 
     </span>
    </p>
   </div>
   <div class='ocr_carea' id='block_1_59' title="bbox 1935 2836 3536 2911">
    <p class='ocr_par' dir='ltr' id='par_1_59' title="bbox 1935 2836 3536 2911">
     <span class='ocr_line' id='line_1_59' title="bbox 1935 2836 3536 2911; baseline -0.002 -14"><span class='ocrx_word' id='word_1_402' title='bbox 1935 2842 2059 2897; x_wconf 89' lang='lat' dir='ltr'>ritis</span> <span class='ocrx_word' id='word_1_403' title='bbox 2102 2840 2335 2896; x_wconf 88' lang='lat' dir='ltr'>devotus</span> <span class='ocrx_word' id='word_1_404' title='bbox 2382 2839 2712 2911; x_wconf 88' lang='lat' dir='ltr'>specialiter,</span> <span class='ocrx_word' id='word_1_405' title='bbox 2747 2836 2965 2893; x_wconf 82' lang='lat' dir='ltr'>inﬁnita</span> <span class='ocrx_word' id='word_1_406' title='bbox 3012 2837 3155 2909; x_wconf 92' lang='lat' dir='ltr'>apud</span> <span class='ocrx_word' id='word_1_407' title='bbox 3196 2853 3253 2893; x_wconf 92' lang='lat' dir='ltr'>se</span> <span class='ocrx_word' id='word_1_408' title='bbox 3303 2837 3536 2894; x_wconf 86' lang='lat' dir='ltr'>diversis</span> 
     </span>
    </p>
   </div>
   <div class='ocr_carea' id='block_1_60' title="bbox 1934 2924 3533 3001">
    <p class='ocr_par' dir='ltr' id='par_1_60' title="bbox 1934 2924 3533 3001">
     <span class='ocr_line' id='line_1_60' title="bbox 1934 2924 3533 3001; baseline -0.003 -15"><span class='ocrx_word' id='word_1_409' title='bbox 1934 2931 2071 2987; x_wconf 91' lang='lat' dir='ltr'>locis</span> <span class='ocrx_word' id='word_1_410' title='bbox 2099 2929 2215 3001; x_wconf 90' lang='lat' dir='ltr'>ejus</span> <span class='ocrx_word' id='word_1_411' title='bbox 2248 2928 2514 2984; x_wconf 89' lang='lat' dir='ltr'>miracula</span> <span class='ocrx_word' id='word_1_412' title='bbox 2543 2925 2821 2999; x_wconf 69' lang='lat' dir='ltr'>praedicat,</span> <span class='ocrx_word' id='word_1_413' title='bbox 2855 2942 2974 2997; x_wconf 63' lang='lat' dir='ltr'>qua</span> <span class='ocrx_word' id='word_1_414' title='bbox 3005 2925 3050 2980; x_wconf 91' lang='lat' dir='ltr'>si</span> <span class='ocrx_word' id='word_1_415' title='bbox 3082 2924 3283 2981; x_wconf 89' lang='lat' dir='ltr'>litteris</span> <span class='ocrx_word' id='word_1_416' title='bbox 3314 2926 3533 2983; x_wconf 88' lang='lat' dir='ltr'>manda-</span> 
     </span>
    </p>
   </div>
   <div class='ocr_carea' id='block_1_61' title="bbox 1932 3014 3534 3088">
    <p class='ocr_par' dir='ltr' id='par_1_61' title="bbox 1932 3014 3534 3088">
     <span class='ocr_line' id='line_1_61' title="bbox 1932 3014 3534 3088; baseline -0.003 -11"><span class='ocrx_word' id='word_1_417' title='bbox 1932 3028 2123 3078; x_wconf 92' lang='lat' dir='ltr'>rentur</span> <span class='ocrx_word' id='word_1_418' title='bbox 2142 3019 2346 3087; x_wconf 90' lang='lat' dir='ltr'>omnia,</span> <span class='ocrx_word' id='word_1_419' title='bbox 2381 3016 2610 3073; x_wconf 81' lang='lat' dir='ltr'>maximi</span> <span class='ocrx_word' id='word_1_420' title='bbox 2632 3031 2728 3088; x_wconf 92' lang='lat' dir='ltr'>per</span> <span class='ocrx_word' id='word_1_421' title='bbox 2751 3031 2808 3070; x_wconf 92' lang='lat' dir='ltr'>se</span> <span class='ocrx_word' id='word_1_422' title='bbox 2835 3023 3056 3086; x_wconf 91' lang='lat' dir='ltr'>possent</span> <span class='ocrx_word' id='word_1_423' title='bbox 3084 3032 3285 3087; x_wconf 92' lang='lat' dir='ltr'>corpus</span> <span class='ocrx_word' id='word_1_424' title='bbox 3305 3014 3534 3088; x_wconf 92' lang='lat' dir='ltr'>implere</span> 
     </span>
    </p>
   </div>
   <div class='ocr_carea' id='block_1_62' title="bbox 219 3102 3532 3203">
    <p class='ocr_par' dir='ltr' id='par_1_62' title="bbox 219 3102 3532 3203">
     <span class='ocr_line' id='line_1_62' title="bbox 219 3102 3532 3203; baseline -0.001 -41"><span class='ocrx_word' id='word_1_425' title='bbox 219 3114 362 3181; x_wconf 89' lang='lat' dir='ltr'>quot</span> <span class='ocrx_word' id='word_1_426' title='bbox 419 3115 636 3180; x_wconf 89' lang='lat' dir='ltr'>peracta</span> <span class='ocrx_word' id='word_1_427' title='bbox 692 3108 769 3164; x_wconf 91' lang='lat' dir='ltr'>ibi</span> <span class='ocrx_word' id='word_1_428' title='bbox 822 3108 1167 3180; x_wconf 64' lang='lat' dir='ltr'>paenitentia,</span> <span class='ocrx_word' id='word_1_429' title='bbox 1196 3108 1544 3164; x_wconf 89' lang='lat' dir='ltr'>clementiam</span> <span class='ocrx_word' id='word_1_430' title='bbox 1577 3105 1815 3171; x_wconf 87' lang='lat' dir='ltr'>meruit;</span> <span class='ocrx_word' id='word_1_431' title='bbox 1858 3144 1901 3203; x_wconf 65' lang='grc' dir='ltr'>Ο</span> <span class='ocrx_word' id='word_1_432' title='bbox 1930 3109 2251 3166; x_wconf 89' lang='lat' dir='ltr'>voluminis.</span> <span class='ocrx_word' id='word_1_433' title='bbox 2285 3109 2383 3163; x_wconf 91' lang='lat' dir='ltr'>Est</span> <span class='ocrx_word' id='word_1_434' title='bbox 2410 3108 2467 3163; x_wconf 93' lang='lat' dir='ltr'>in</span> <span class='ocrx_word' id='word_1_435' title='bbox 2499 3106 2617 3203; x_wconf 78' lang='lat' dir='ltr'>ipso</span> <span class='ocrx_word' id='word_1_436' title='bbox 2655 3120 2791 3203; x_wconf 80' lang='lat' dir='ltr'>pago</span> <span class='ocrx_word' id='word_1_437' title='bbox 2821 3102 3117 3203; x_wconf 69' lang='lat' dir='ltr'>Gadriacus</span> <span class='ocrx_word' id='word_1_438' title='bbox 3146 3103 3302 3170; x_wconf 88' lang='lat' dir='ltr'>villa,</span> <span class='ocrx_word' id='word_1_439' title='bbox 3326 3103 3532 3202; x_wconf 78' lang='lat' dir='ltr'>habens</span> 
     </span>
    </p>
   </div>
   <div class='ocr_carea' id='block_1_63' title="bbox 216 3198 1823 3272">
    <p class='ocr_par' dir='ltr' id='par_1_63' title="bbox 216 3198 1823 3272">
     <span class='ocr_line' id='line_1_63' title="bbox 216 3198 1823 3272; baseline -0.003 -17"><span class='ocrx_word' id='word_1_440' title='bbox 216 3198 471 3272; x_wconf 91' lang='lat' dir='ltr'>sospitati</span> <span class='ocrx_word' id='word_1_441' title='bbox 514 3198 714 3255; x_wconf 89' lang='lat' dir='ltr'>deinde</span> <span class='ocrx_word' id='word_1_442' title='bbox 764 3200 1091 3255; x_wconf 89' lang='lat' dir='ltr'>reformatus</span> <span class='ocrx_word' id='word_1_443' title='bbox 1137 3198 1438 3266; x_wconf 88' lang='lat' dir='ltr'>abscessit;</span> <span class='ocrx_word' id='word_1_444' title='bbox 1481 3213 1591 3253; x_wconf 92' lang='lat' dir='ltr'>non</span> <span class='ocrx_word' id='word_1_445' title='bbox 1650 3198 1823 3267; x_wconf 82' lang='lat' dir='ltr'>magis</span> 
     </span>
    </p>
   </div>
   <div class='ocr_carea' id='block_1_64' title="bbox 218 3285 1820 3362">
    <p class='ocr_par' dir='ltr' id='par_1_64' title="bbox 218 3285 1820 3362">
     <span class='ocr_line' id='line_1_64' title="bbox 218 3285 1820 3362; baseline -0.002 -19"><span class='ocrx_word' id='word_1_446' title='bbox 218 3290 336 3361; x_wconf 88' lang='lat' dir='ltr'>ipse</span> <span class='ocrx_word' id='word_1_447' title='bbox 364 3298 657 3357; x_wconf 89' lang='lat' dir='ltr'>correctus,</span> <span class='ocrx_word' id='word_1_448' title='bbox 683 3304 846 3362; x_wconf 90' lang='lat' dir='ltr'>quam</span> <span class='ocrx_word' id='word_1_449' title='bbox 878 3288 1109 3357; x_wconf 86' lang='lat' dir='ltr'>caeteris,</span> <span class='ocrx_word' id='word_1_450' title='bbox 1131 3304 1198 3344; x_wconf 92' lang='lat' dir='ltr'>ne</span> <span class='ocrx_word' id='word_1_451' title='bbox 1227 3288 1334 3343; x_wconf 90' lang='lat' dir='ltr'>tale</span> <span class='ocrx_word' id='word_1_452' title='bbox 1364 3286 1646 3358; x_wconf 89' lang='lat' dir='ltr'>quidpiam</span> <span class='ocrx_word' id='word_1_453' title='bbox 1664 3285 1820 3341; x_wconf 92' lang='lat' dir='ltr'>dein-</span> 
     </span>
    </p>
   </div>
   <div class='ocr_carea' id='block_1_65' title="bbox 219 3377 1508 3452">
    <p class='ocr_par' dir='ltr' id='par_1_65' title="bbox 219 3377 1508 3452">
     <span class='ocr_line' id='line_1_65' title="bbox 219 3377 1508 3452; baseline -0.005 -15"><span class='ocrx_word' id='word_1_454' title='bbox 219 3396 351 3452; x_wconf 79' lang='lat' dir='ltr'>Ceps</span> <span class='ocrx_word' id='word_1_455' title='bbox 380 3378 668 3435; x_wconf 89' lang='lat' dir='ltr'>admittere</span> <span class='ocrx_word' id='word_1_456' title='bbox 693 3378 947 3447; x_wconf 90' lang='lat' dir='ltr'>audeant,</span> <span class='ocrx_word' id='word_1_457' title='bbox 980 3379 1236 3448; x_wconf 89' lang='lat' dir='ltr'>exemplo</span> <span class='ocrx_word' id='word_1_458' title='bbox 1268 3377 1508 3430; x_wconf 86' lang='lat' dir='ltr'>futurus.</span> 
     </span>
    </p>
   </div>
   <div class='ocr_carea' id='block_1_66' title="bbox 289 3467 1818 3544">
    <p class='ocr_par' dir='ltr' id='par_1_66' title="bbox 289 3467 1818 3544">
     <span class='ocr_line' id='line_1_66' title="bbox 289 3467 1818 3544; baseline -0.003 -16"><span class='ocrx_word' id='word_1_459' title='bbox 289 3472 378 3528; x_wconf 88' lang='lat'>66.</span> <span class='ocrx_word' id='word_1_460' title='bbox 412 3471 558 3529; x_wconf 91' lang='lat' dir='ltr'>Idem</span> <span class='ocrx_word' id='word_1_461' title='bbox 588 3473 703 3544; x_wconf 89' lang='lat' dir='ltr'>ipse</span> <span class='ocrx_word' id='word_1_462' title='bbox 738 3471 1042 3543; x_wconf 89' lang='lat' dir='ltr'>presbyter,</span> <span class='ocrx_word' id='word_1_463' title='bbox 1088 3468 1221 3523; x_wconf 91' lang='lat' dir='ltr'>dum</span> <span class='ocrx_word' id='word_1_464' title='bbox 1248 3467 1485 3539; x_wconf 85' lang='lat' dir='ltr'>quadam</span> <span class='ocrx_word' id='word_1_465' title='bbox 1536 3474 1696 3522; x_wconf 88' lang='lat' dir='ltr'>nocte</span> <span class='ocrx_word' id='word_1_466' title='bbox 1726 3469 1818 3523; x_wconf 89' lang='lat' dir='ltr'>do-</span> 
     </span>
    </p>
   </div>
   <div class='ocr_carea' id='block_1_67' title="bbox 216 3555 1817 3624">
    <p class='ocr_par' dir='ltr' id='par_1_67' title="bbox 216 3555 1817 3624">
     <span class='ocr_line' id='line_1_67' title="bbox 216 3555 1817 3624; baseline -0.002 -7"><span class='ocrx_word' id='word_1_467' title='bbox 216 3562 426 3618; x_wconf 89' lang='lat' dir='ltr'>minica</span> <span class='ocrx_word' id='word_1_468' title='bbox 454 3563 511 3616; x_wconf 91' lang='lat' dir='ltr'>in</span> <span class='ocrx_word' id='word_1_469' title='bbox 539 3560 768 3616; x_wconf 90' lang='lat' dir='ltr'>ecclesia</span> <span class='ocrx_word' id='word_1_470' title='bbox 795 3558 1042 3612; x_wconf 89' lang='lat' dir='ltr'>solemne</span> <span class='ocrx_word' id='word_1_471' title='bbox 1062 3556 1365 3610; x_wconf 86' lang='lat' dir='ltr'>celebraret</span> <span class='ocrx_word' id='word_1_472' title='bbox 1407 3555 1673 3624; x_wconf 81' lang='lat' dir='ltr'>ofﬁcium,</span> <span class='ocrx_word' id='word_1_473' title='bbox 1709 3557 1817 3613; x_wconf 69' lang='lat' dir='ltr'>levi</span> 
     </span>
    </p>
   </div>
   <div class='ocr_carea' id='block_1_68' title="bbox 217 3642 1817 3723">
    <p class='ocr_par' dir='ltr' id='par_1_68' title="bbox 217 3642 1817 3723">
     <span class='ocr_line' id='line_1_68' title="bbox 217 3642 1817 3723; baseline -0.004 -15"><span class='ocrx_word' id='word_1_474' title='bbox 217 3665 418 3723; x_wconf 89' lang='lat' dir='ltr'>sopore</span> <span class='ocrx_word' id='word_1_475' title='bbox 467 3645 772 3702; x_wconf 89' lang='lat' dir='ltr'>subductus</span> <span class='ocrx_word' id='word_1_476' title='bbox 814 3642 1003 3709; x_wconf 91' lang='lat' dir='ltr'>sensit,</span> <span class='ocrx_word' id='word_1_477' title='bbox 1048 3657 1103 3696; x_wconf 90' lang='lat' dir='ltr'>se</span> <span class='ocrx_word' id='word_1_478' title='bbox 1151 3650 1486 3713; x_wconf 89' lang='lat' dir='ltr'>superventu</span> <span class='ocrx_word' id='word_1_479' title='bbox 1534 3643 1817 3715; x_wconf 86' lang='lat' dir='ltr'>cujusdam</span> 
     </span>
    </p>
   </div>
   <div class='ocr_carea' id='block_1_69' title="bbox 213 3730 1816 3811">
    <p class='ocr_par' dir='ltr' id='par_1_69' title="bbox 213 3730 1816 3811">
     <span class='ocr_line' id='line_1_69' title="bbox 213 3730 1816 3811; baseline -0.004 -16"><span class='ocrx_word' id='word_1_480' title='bbox 213 3751 465 3811; x_wconf 66' lang='lat' dir='ltr'>personae</span> <span class='ocrx_word' id='word_1_481' title='bbox 489 3733 809 3806; x_wconf 88' lang='lat' dir='ltr'>impulsum,</span> <span class='ocrx_word' id='word_1_482' title='bbox 841 3739 1023 3805; x_wconf 89' lang='lat' dir='ltr'>atque,</span> <span class='ocrx_word' id='word_1_483' title='bbox 1048 3738 1109 3787; x_wconf 88' lang='lat' dir='ltr'>ut</span> <span class='ocrx_word' id='word_1_484' title='bbox 1138 3730 1371 3786; x_wconf 90' lang='lat' dir='ltr'>festinus</span> <span class='ocrx_word' id='word_1_485' title='bbox 1398 3732 1625 3787; x_wconf 92' lang='lat' dir='ltr'>domum</span> <span class='ocrx_word' id='word_1_486' title='bbox 1661 3750 1816 3789; x_wconf 92' lang='lat' dir='ltr'>suam</span> 
     </span>
    </p>
   </div>
   <div class='ocr_carea' id='block_1_70' title="bbox 218 3820 1817 3897">
    <p class='ocr_par' dir='ltr' id='par_1_70' title="bbox 218 3820 1817 3897">
     <span class='ocr_line' id='line_1_70' title="bbox 218 3820 1817 3897; baseline -0.001 -17"><span class='ocrx_word' id='word_1_487' title='bbox 218 3824 617 3897; x_wconf 80' lang='lat' dir='ltr'>ingrederetur,</span> <span class='ocrx_word' id='word_1_488' title='bbox 652 3822 1017 3879; x_wconf 90' lang='lat' dir='ltr'>admonitum.</span> <span class='ocrx_word' id='word_1_489' title='bbox 1069 3820 1227 3875; x_wconf 90' lang='lat' dir='ltr'>Illico</span> <span class='ocrx_word' id='word_1_490' title='bbox 1257 3821 1533 3887; x_wconf 81' lang='lat' dir='ltr'>surrexit;</span> <span class='ocrx_word' id='word_1_491' title='bbox 1568 3828 1621 3876; x_wconf 91' lang='lat' dir='ltr'>et</span> <span class='ocrx_word' id='word_1_492' title='bbox 1664 3830 1817 3893; x_wconf 91' lang='lat' dir='ltr'>rapto</span> 
     </span>
    </p>
   </div>
   <div class='ocr_carea' id='block_1_71' title="bbox 214 3909 1815 3984">
    <p class='ocr_par' dir='ltr' id='par_1_71' title="bbox 214 3909 1815 3984">
     <span class='ocr_line' id='line_1_71' title="bbox 214 3909 1815 3984; baseline -0.003 -14"><span class='ocrx_word' id='word_1_493' title='bbox 214 3930 396 3982; x_wconf 90' lang='lat' dir='ltr'>cereo,</span> <span class='ocrx_word' id='word_1_494' title='bbox 430 3913 655 3970; x_wconf 91' lang='lat' dir='ltr'>domum</span> <span class='ocrx_word' id='word_1_495' title='bbox 692 3913 986 3984; x_wconf 90' lang='lat' dir='ltr'>ingressus,</span> <span class='ocrx_word' id='word_1_496' title='bbox 1020 3910 1261 3966; x_wconf 90' lang='lat' dir='ltr'>latrones</span> <span class='ocrx_word' id='word_1_497' title='bbox 1302 3909 1447 3963; x_wconf 90' lang='lat' dir='ltr'>intra</span> <span class='ocrx_word' id='word_1_498' title='bbox 1496 3909 1815 3966; x_wconf 91' lang='lat' dir='ltr'>cubiculum</span> 
     </span>
    </p>
   </div>
   <div class='ocr_carea' id='block_1_72' title="bbox 216 3997 1816 4077">
    <p class='ocr_par' dir='ltr' id='par_1_72' title="bbox 216 3997 1816 4077">
     <span class='ocr_line' id='line_1_72' title="bbox 216 3997 1816 4077; baseline -0.005 -17"><span class='ocrx_word' id='word_1_499' title='bbox 216 4004 442 4077; x_wconf 90' lang='lat' dir='ltr'>reperit,</span> <span class='ocrx_word' id='word_1_500' title='bbox 475 4010 779 4060; x_wconf 87' lang='lat' dir='ltr'>stramenta</span> <span class='ocrx_word' id='word_1_501' title='bbox 825 4001 973 4068; x_wconf 92' lang='lat' dir='ltr'>lecti,</span> <span class='ocrx_word' id='word_1_502' title='bbox 1008 4007 1062 4055; x_wconf 87' lang='lat' dir='ltr'>et</span> <span class='ocrx_word' id='word_1_503' title='bbox 1111 3998 1156 4055; x_wconf 91' lang='lat' dir='ltr'>si</span> <span class='ocrx_word' id='word_1_504' title='bbox 1198 3997 1331 4071; x_wconf 89' lang='lat' dir='ltr'>quid</span> <span class='ocrx_word' id='word_1_505' title='bbox 1362 3998 1816 4053; x_wconf 85' lang='lat' dir='ltr'>vestimentorum</span> 
     </span>
    </p>
   </div>
   <div class='ocr_carea' id='block_1_73' title="bbox 215 4087 1814 4166">
    <p class='ocr_par' dir='ltr' id='par_1_73' title="bbox 215 4087 1814 4166">
     <span class='ocr_line' id='line_1_73' title="bbox 215 4087 1814 4166; baseline -0.006 -17"><span class='ocrx_word' id='word_1_506' title='bbox 215 4100 550 4166; x_wconf 89' lang='lat' dir='ltr'>repererant,</span> <span class='ocrx_word' id='word_1_507' title='bbox 592 4090 951 4147; x_wconf 88' lang='lat' dir='ltr'>sarcinautes.</span> <span class='ocrx_word' id='word_1_508' title='bbox 984 4088 1132 4155; x_wconf 86' lang='lat' dir='ltr'>Quos</span> <span class='ocrx_word' id='word_1_509' title='bbox 1164 4087 1425 4145; x_wconf 84' lang='lat' dir='ltr'>custodiae</span> <span class='ocrx_word' id='word_1_510' title='bbox 1473 4088 1814 4157; x_wconf 86' lang='lat' dir='ltr'>mancipans,</span> 
     </span>
    </p>
   </div>
   <div class='ocr_carea' id='block_1_74' title="bbox 218 4172 1819 4246">
    <p class='ocr_par' dir='ltr' id='par_1_74' title="bbox 218 4172 1819 4246">
     <span class='ocr_line' id='line_1_74' title="bbox 218 4172 1819 4246; baseline -0.005 -11"><span class='ocrx_word' id='word_1_511' title='bbox 218 4180 278 4236; x_wconf 92' lang='lat' dir='ltr'>in</span> <span class='ocrx_word' id='word_1_512' title='bbox 317 4180 601 4237; x_wconf 89' lang='lat' dir='ltr'>ecclesiam</span> <span class='ocrx_word' id='word_1_513' title='bbox 649 4178 835 4246; x_wconf 86' lang='lat' dir='ltr'>rediit,</span> <span class='ocrx_word' id='word_1_514' title='bbox 886 4185 941 4234; x_wconf 89' lang='lat' dir='ltr'>et</span> <span class='ocrx_word' id='word_1_515' title='bbox 988 4176 1267 4233; x_wconf 90' lang='lat' dir='ltr'>residuum</span> <span class='ocrx_word' id='word_1_516' title='bbox 1317 4176 1486 4232; x_wconf 89' lang='lat' dir='ltr'>olIicii</span> <span class='ocrx_word' id='word_1_517' title='bbox 1525 4172 1819 4246; x_wconf 82' lang='lat' dir='ltr'>diligenter</span> 
     </span>
    </p>
   </div>
   <div class='ocr_carea' id='block_1_75' title="bbox 216 4263 1817 4344">
    <p class='ocr_par' dir='ltr' id='par_1_75' title="bbox 216 4263 1817 4344">
     <span class='ocr_line' id='line_1_75' title="bbox 216 4263 1817 4344; baseline -0.004 -18"><span class='ocrx_word' id='word_1_518' title='bbox 216 4271 481 4344; x_wconf 85' lang='lat' dir='ltr'>explevit.</span> <span class='ocrx_word' id='word_1_519' title='bbox 529 4269 725 4342; x_wconf 84' lang='lat' dir='ltr'>Liquet</span> <span class='ocrx_word' id='word_1_520' title='bbox 776 4267 997 4323; x_wconf 90' lang='lat' dir='ltr'>beatum</span> <span class='ocrx_word' id='word_1_521' title='bbox 1053 4267 1387 4323; x_wconf 85' lang='lat' dir='ltr'>Germanum</span> <span class='ocrx_word' id='word_1_522' title='bbox 1434 4263 1674 4320; x_wconf 90' lang='lat' dir='ltr'>basilicae</span> <span class='ocrx_word' id='word_1_523' title='bbox 1706 4279 1817 4319; x_wconf 66' lang='lat' dir='ltr'>sua:</span> 
     </span>
    </p>
   </div>
   <div class='ocr_carea' id='block_1_76' title="bbox 217 4352 1817 4429">
    <p class='ocr_par' dir='ltr' id='par_1_76' title="bbox 217 4352 1817 4429">
     <span class='ocr_line' id='line_1_76' title="bbox 217 4352 1817 4429; baseline -0.004 -14"><span class='ocrx_word' id='word_1_524' title='bbox 217 4359 563 4415; x_wconf 89' lang='lat' dir='ltr'>consuluisse</span> <span class='ocrx_word' id='word_1_525' title='bbox 595 4358 869 4426; x_wconf 89' lang='lat' dir='ltr'>ministro,</span> <span class='ocrx_word' id='word_1_526' title='bbox 904 4373 972 4412; x_wconf 91' lang='lat' dir='ltr'>ne</span> <span class='ocrx_word' id='word_1_527' title='bbox 1002 4356 1135 4412; x_wconf 90' lang='lat' dir='ltr'>dum</span> <span class='ocrx_word' id='word_1_528' title='bbox 1166 4355 1374 4411; x_wconf 66' lang='lat' dir='ltr'>divinae</span> <span class='ocrx_word' id='word_1_529' title='bbox 1405 4353 1555 4429; x_wconf 85' lang='lat' dir='ltr'>laudi</span> <span class='ocrx_word' id='word_1_530' title='bbox 1586 4352 1817 4409; x_wconf 87' lang='lat' dir='ltr'>insiste-</span> 
     </span>
    </p>
   </div>
   <div class='ocr_carea' id='block_1_77' title="bbox 218 4444 1230 4517">
    <p class='ocr_par' dir='ltr' id='par_1_77' title="bbox 218 4444 1230 4517">
     <span class='ocr_line' id='line_1_77' title="bbox 218 4444 1230 4517; baseline -0.005 -13"><span class='ocrx_word' id='word_1_531' title='bbox 218 4458 323 4517; x_wconf 90' lang='lat' dir='ltr'>ret,</span> <span class='ocrx_word' id='word_1_532' title='bbox 354 4448 430 4503; x_wconf 92' lang='lat' dir='ltr'>rei</span> <span class='ocrx_word' id='word_1_533' title='bbox 458 4447 747 4503; x_wconf 84' lang='lat' dir='ltr'>familiaris</span> <span class='ocrx_word' id='word_1_534' title='bbox 775 4447 974 4503; x_wconf 90' lang='lat' dir='ltr'>damna</span> <span class='ocrx_word' id='word_1_535' title='bbox 1001 4444 1230 4501; x_wconf 90' lang='lat' dir='ltr'>subiret.</span> 
     </span>
    </p>
   </div>
   <div class='ocr_carea' id='block_1_78' title="bbox 289 4531 1815 4607">
    <p class='ocr_par' dir='ltr' id='par_1_78' title="bbox 289 4531 1815 4607">
     <span class='ocr_line' id='line_1_78' title="bbox 289 4531 1815 4607; baseline -0.005 -13"><span class='ocrx_word' id='word_1_536' title='bbox 289 4538 378 4595; x_wconf 91' lang='lat'>67.</span> <span class='ocrx_word' id='word_1_537' title='bbox 428 4538 610 4593; x_wconf 82' lang='lat' dir='ltr'>Minus</span> <span class='ocrx_word' id='word_1_538' title='bbox 646 4545 728 4593; x_wconf 93' lang='lat' dir='ltr'>est</span> <span class='ocrx_word' id='word_1_539' title='bbox 770 4535 957 4591; x_wconf 90' lang='lat' dir='ltr'>audita</span> <span class='ocrx_word' id='word_1_540' title='bbox 1006 4535 1347 4607; x_wconf 91' lang='lat' dir='ltr'>depromere,</span> <span class='ocrx_word' id='word_1_541' title='bbox 1379 4531 1487 4587; x_wconf 89' lang='lat' dir='ltr'>nisi</span> <span class='ocrx_word' id='word_1_542' title='bbox 1531 4539 1585 4587; x_wconf 89' lang='lat' dir='ltr'>et</span> <span class='ocrx_word' id='word_1_543' title='bbox 1632 4531 1815 4604; x_wconf 89' lang='lat' dir='ltr'>aliqua</span> 
     </span>
    </p>
   </div>
   <div class='ocr_carea' id='block_1_79' title="bbox 218 4621 1812 4699">
    <p class='ocr_par' dir='ltr' id='par_1_79' title="bbox 218 4621 1812 4699">
     <span class='ocr_line' id='line_1_79' title="bbox 218 4621 1812 4699; baseline -0.004 -17"><span class='ocrx_word' id='word_1_544' title='bbox 218 4627 394 4682; x_wconf 88' lang='lat' dir='ltr'>oculis</span> <span class='ocrx_word' id='word_1_545' title='bbox 423 4633 675 4699; x_wconf 88' lang='lat' dir='ltr'>percepta</span> <span class='ocrx_word' id='word_1_546' title='bbox 721 4625 1043 4681; x_wconf 89' lang='lat' dir='ltr'>subdantur.</span> <span class='ocrx_word' id='word_1_547' title='bbox 1078 4623 1265 4679; x_wconf 84' lang='lat' dir='ltr'>Pridie</span> <span class='ocrx_word' id='word_1_548' title='bbox 1302 4621 1671 4679; x_wconf 87' lang='lat' dir='ltr'>Kalendarum</span> <span class='ocrx_word' id='word_1_549' title='bbox 1703 4622 1812 4677; x_wconf 83' lang='lat' dir='ltr'>Au-</span> 
     </span>
    </p>
   </div>
   <div class='ocr_carea' id='block_1_80' title="bbox 219 4711 1814 4786">
    <p class='ocr_par' dir='ltr' id='par_1_80' title="bbox 219 4711 1814 4786">
     <span class='ocr_line' id='line_1_80' title="bbox 219 4711 1814 4786; baseline -0.002 -16"><span class='ocrx_word' id='word_1_550' title='bbox 219 4715 364 4786; x_wconf 88' lang='lat' dir='ltr'>gusti</span> <span class='ocrx_word' id='word_1_551' title='bbox 398 4715 540 4770; x_wconf 87' lang='lat' dir='ltr'>beati</span> <span class='ocrx_word' id='word_1_552' title='bbox 571 4714 831 4770; x_wconf 82' lang='lat' dir='ltr'>Germani</span> <span class='ocrx_word' id='word_1_553' title='bbox 862 4714 1129 4769; x_wconf 90' lang='lat' dir='ltr'>transitus</span> <span class='ocrx_word' id='word_1_554' title='bbox 1156 4711 1303 4784; x_wconf 87' lang='lat' dir='ltr'>apud</span> <span class='ocrx_word' id='word_1_555' title='bbox 1330 4712 1523 4769; x_wconf 89' lang='lat' dir='ltr'>urbem</span> <span class='ocrx_word' id='word_1_556' title='bbox 1554 4712 1814 4769; x_wconf 87' lang='lat' dir='ltr'>Suessio-</span> 
     </span>
    </p>
   </div>
   <div class='ocr_carea' id='block_1_81' title="bbox 218 4801 1812 4875">
    <p class='ocr_par' dir='ltr' id='par_1_81' title="bbox 218 4801 1812 4875">
     <span class='ocr_line' id='line_1_81' title="bbox 218 4801 1812 4875; baseline -0.001 -17"><span class='ocrx_word' id='word_1_557' title='bbox 218 4804 402 4859; x_wconf 89' lang='lat' dir='ltr'>nicam</span> <span class='ocrx_word' id='word_1_558' title='bbox 456 4802 670 4858; x_wconf 89' lang='lat' dir='ltr'>fervido</span> <span class='ocrx_word' id='word_1_559' title='bbox 707 4802 1089 4858; x_wconf 90' lang='lat' dir='ltr'>celebrabatur</span> <span class='ocrx_word' id='word_1_560' title='bbox 1117 4801 1412 4874; x_wconf 88' lang='lat' dir='ltr'>obsequio;</span> <span class='ocrx_word' id='word_1_561' title='bbox 1446 4818 1680 4875; x_wconf 92' lang='lat' dir='ltr'>cumque</span> <span class='ocrx_word' id='word_1_562' title='bbox 1724 4801 1812 4857; x_wconf 91' lang='lat' dir='ltr'>die</span> 
     </span>
    </p>
   </div>
   <div class='ocr_carea' id='block_1_82' title="bbox 215 4890 1809 4963">
    <p class='ocr_par' dir='ltr' id='par_1_82' title="bbox 215 4890 1809 4963">
     <span class='ocr_line' id='line_1_82' title="bbox 215 4890 1809 4963; baseline -0.001 -15"><span class='ocrx_word' id='word_1_563' title='bbox 215 4892 275 4948; x_wconf 90' lang='lat' dir='ltr'>in</span> <span class='ocrx_word' id='word_1_564' title='bbox 308 4907 586 4963; x_wconf 89' lang='lat' dir='ltr'>vesperam</span> <span class='ocrx_word' id='word_1_565' title='bbox 616 4890 873 4963; x_wconf 89' lang='lat' dir='ltr'>proniore</span> <span class='ocrx_word' id='word_1_566' title='bbox 899 4890 1106 4946; x_wconf 65' lang='lat' dir='ltr'>divinae</span> <span class='ocrx_word' id='word_1_567' title='bbox 1144 4891 1323 4946; x_wconf 87' lang='lat' dir='ltr'>laudis</span> <span class='ocrx_word' id='word_1_568' title='bbox 1345 4891 1651 4959; x_wconf 87' lang='lat' dir='ltr'>celebritas,</span> <span class='ocrx_word' id='word_1_569' title='bbox 1685 4908 1809 4948; x_wconf 93' lang='lat' dir='ltr'>cum</span> 
     </span>
    </p>
   </div>
   <div class='ocr_carea' id='block_1_83' title="bbox 220 4980 1813 5049">
    <p class='ocr_par' dir='ltr' id='par_1_83' title="bbox 220 4980 1813 5049">
     <span class='ocr_line' id='line_1_83' title="bbox 220 4980 1813 5049; baseline 0.001 -12"><span class='ocrx_word' id='word_1_570' title='bbox 220 4982 278 5037; x_wconf 92' lang='lat' dir='ltr'>in</span> <span class='ocrx_word' id='word_1_571' title='bbox 319 4980 561 5049; x_wconf 86' lang='lat' dir='ltr'>urbanis,</span> <span class='ocrx_word' id='word_1_572' title='bbox 595 4988 712 5036; x_wconf 89' lang='lat' dir='ltr'>tum</span> <span class='ocrx_word' id='word_1_573' title='bbox 758 4980 921 5035; x_wconf 89' lang='lat' dir='ltr'>etiam</span> <span class='ocrx_word' id='word_1_574' title='bbox 968 4980 1025 5034; x_wconf 90' lang='lat' dir='ltr'>in</span> <span class='ocrx_word' id='word_1_575' title='bbox 1073 4980 1402 5036; x_wconf 88' lang='lat' dir='ltr'>suburbanis</span> <span class='ocrx_word' id='word_1_576' title='bbox 1451 4982 1697 5038; x_wconf 91' lang='lat' dir='ltr'>ecclesiis</span> <span class='ocrx_word' id='word_1_577' title='bbox 1749 4999 1813 5039; x_wconf 91' lang='lat' dir='ltr'>ac</span> 
     </span>
    </p>
   </div>
   <div class='ocr_carea' id='block_1_84' title="bbox 218 5066 1812 5142">
    <p class='ocr_par' dir='ltr' id='par_1_84' title="bbox 218 5066 1812 5142">
     <span class='ocr_line' id='line_1_84' title="bbox 218 5066 1812 5142; baseline 0.001 -18"><span class='ocrx_word' id='word_1_578' title='bbox 218 5068 565 5125; x_wconf 80' lang='lat' dir='ltr'>monasteriis</span> <span class='ocrx_word' id='word_1_579' title='bbox 602 5076 741 5123; x_wconf 89' lang='lat' dir='ltr'>esset</span> <span class='ocrx_word' id='word_1_580' title='bbox 779 5066 1060 5140; x_wconf 87' lang='lat' dir='ltr'>explicita,</span> <span class='ocrx_word' id='word_1_581' title='bbox 1100 5067 1337 5124; x_wconf 86' lang='lat' dir='ltr'>sollicita</span> <span class='ocrx_word' id='word_1_582' title='bbox 1368 5068 1507 5123; x_wconf 90' lang='lat' dir='ltr'>mihi</span> <span class='ocrx_word' id='word_1_583' title='bbox 1551 5070 1812 5142; x_wconf 84' lang='lat' dir='ltr'>cogitatio</span> 
     </span>
    </p>
   </div>
   <div class='ocr_carea' id='block_1_85' title="bbox 220 5158 1812 5233">
    <p class='ocr_par' dir='ltr' id='par_1_85' title="bbox 220 5158 1812 5233">
     <span class='ocr_line' id='line_1_85' title="bbox 220 5158 1812 5233; baseline 0.001 -19"><span class='ocrx_word' id='word_1_584' title='bbox 220 5158 439 5226; x_wconf 89' lang='lat' dir='ltr'>incidit,</span> <span class='ocrx_word' id='word_1_585' title='bbox 472 5158 669 5213; x_wconf 87' lang='lat' dir='ltr'>Axona</span> <span class='ocrx_word' id='word_1_586' title='bbox 698 5166 1051 5226; x_wconf 88' lang='lat' dir='ltr'>transmeato,</span> <span class='ocrx_word' id='word_1_587' title='bbox 1094 5158 1159 5214; x_wconf 90' lang='lat' dir='ltr'>ad</span> <span class='ocrx_word' id='word_1_588' title='bbox 1200 5159 1481 5231; x_wconf 85' lang='lat' dir='ltr'>praefatam</span> <span class='ocrx_word' id='word_1_589' title='bbox 1523 5177 1812 5233; x_wconf 89' lang='lat' dir='ltr'>properare</span> 
     </span>
    </p>
   </div>
   <div class='ocr_carea' id='block_1_86' title="bbox 217 5246 1812 5321">
    <p class='ocr_par' dir='ltr' id='par_1_86' title="bbox 217 5246 1812 5321">
     <span class='ocr_line' id='line_1_86' title="bbox 217 5246 1812 5321; baseline 0.001 -18"><span class='ocrx_word' id='word_1_590' title='bbox 217 5246 523 5315; x_wconf 85' lang='lat' dir='ltr'>basilicam,</span> <span class='ocrx_word' id='word_1_591' title='bbox 540 5263 607 5303; x_wconf 91' lang='lat' dir='ltr'>ne</span> <span class='ocrx_word' id='word_1_592' title='bbox 628 5247 767 5302; x_wconf 91' lang='lat' dir='ltr'>forte</span> <span class='ocrx_word' id='word_1_593' title='bbox 794 5248 965 5321; x_wconf 90' lang='lat' dir='ltr'>(quod</span> <span class='ocrx_word' id='word_1_594' title='bbox 986 5247 1171 5304; x_wconf 91' lang='lat' dir='ltr'>animo</span> <span class='ocrx_word' id='word_1_595' title='bbox 1194 5248 1534 5320; x_wconf 88' lang='lat' dir='ltr'>reputabam)</span> <span class='ocrx_word' id='word_1_596' title='bbox 1558 5248 1812 5307; x_wconf 89' lang='lat' dir='ltr'>abscessu</span> 
     </span>
    </p>
   </div>
   <div class='ocr_carea' id='block_1_87' title="bbox 284 5335 1813 5421">
    <p class='ocr_par' dir='ltr' id='par_1_87' title="bbox 284 5335 1813 5421">
     <span class='ocr_line' id='line_1_87' title="bbox 284 5335 1813 5421; baseline 0.002 -30"><span class='ocrx_word' id='word_1_597' title='bbox 284 5337 515 5421; x_wconf 46' lang='lat' dir='ltr'>&#39;.Pag‘tf8</span> <span class='ocrx_word' id='word_1_598' title='bbox 565 5335 972 5420; x_wconf 64' lang='lat' dir='ltr'>Cinornannicus</span> <span class='ocrx_word' id='word_1_599' title='bbox 1008 5347 1062 5420; x_wconf 75' lang='lat' dir='ltr'>et</span> <span class='ocrx_word' id='word_1_600' title='bbox 1107 5339 1539 5421; x_wconf 41' lang='lat' dir='ltr'>Cenomannic&#39;us,</span> <span class='ocrx_word' id='word_1_601' title='bbox 1572 5342 1737 5421; x_wconf 75' lang='lat' dir='ltr'>vulgo</span> <span class='ocrx_word' id='word_1_602' title='bbox 1768 5342 1813 5396; x_wconf 84' lang='lat' dir='ltr'>Ie</span> 
     </span>
    </p>
   </div>
   <div class='ocr_carea' id='block_1_88' title="bbox 218 5406 1806 5482">
    <p class='ocr_par' dir='ltr' id='par_1_88' title="bbox 218 5406 1806 5482">
     <span class='ocr_line' id='line_1_88' title="bbox 218 5406 1806 5482; baseline 0.004 -22"><span class='ocrx_word' id='word_1_603' title='bbox 218 5406 412 5482; x_wconf 57' lang='lat' dir='ltr'>Marine.</span> <span class='ocrx_word' id='word_1_604' title='bbox 426 5406 831 5482; x_wconf 73' lang='lat' dir='ltr'>Normanniam</span> <span class='ocrx_word' id='word_1_605' title='bbox 852 5411 1076 5482; x_wconf 90' lang='lat' dir='ltr'>attingit</span> <span class='ocrx_word' id='word_1_606' title='bbox 1091 5418 1144 5465; x_wconf 88' lang='lat' dir='ltr'>et</span> <span class='ocrx_word' id='word_1_607' title='bbox 1162 5411 1427 5467; x_wconf 87' lang='lat' dir='ltr'>minorem</span> <span class='ocrx_word' id='word_1_608' title='bbox 1444 5406 1806 5467; x_wconf 78' lang='lat' dir='ltr'>Britanniam.</span> 
     </span>
    </p>
   </div>
   <div class='ocr_carea' id='block_1_89' title="bbox 287 5479 1487 5554">
    <p class='ocr_par' dir='ltr' id='par_1_89' title="bbox 287 5479 1487 5554">
     <span class='ocr_line' id='line_1_89' title="bbox 287 5479 1487 5554; baseline 0.006 -22"><span class='ocrx_word' id='word_1_609' title='bbox 287 5479 311 5514; x_wconf 72' lang='grc' dir='ltr'>δ</span> <span class='ocrx_word' id='word_1_610' title='bbox 349 5480 545 5554; x_wconf 59' lang='lat' dir='ltr'>guttis,</span> <span class='ocrx_word' id='word_1_611' title='bbox 578 5479 637 5534; x_wconf 91' lang='lat' dir='ltr'>id</span> <span class='ocrx_word' id='word_1_612' title='bbox 661 5488 744 5554; x_wconf 79' lang='lat' dir='ltr'>est</span> <span class='ocrx_word' id='word_1_613' title='bbox 780 5479 1171 5554; x_wconf 60' lang='lat' dir='ltr'>animis.&#39;Vide</span> <span class='ocrx_word' id='word_1_614' title='bbox 1200 5482 1487 5554; x_wconf 86' lang='lat' dir='ltr'>Cangium.</span> 
     </span>
    </p>
   </div>
   <div class='ocr_carea' id='block_1_90' title="bbox 286 5550 1806 5623">
    <p class='ocr_par' dir='ltr' id='par_1_90' title="bbox 286 5550 1806 5623">
     <span class='ocr_line' id='line_1_90' title="bbox 286 5550 1806 5623; baseline 0.004 -20"><span class='ocrx_word' id='word_1_615' title='bbox 286 5559 308 5585; x_wconf 75' lang='grc' dir='ltr'><strong>ο</strong></span> <span class='ocrx_word' id='word_1_616' title='bbox 333 5550 607 5623; x_wconf 46' lang='lat' dir='ltr'>finiamus</span> <span class='ocrx_word' id='word_1_617' title='bbox 658 5550 754 5606; x_wconf 90' lang='lat' dir='ltr'>ille</span> <span class='ocrx_word' id='word_1_618' title='bbox 796 5551 912 5607; x_wconf 88' lang='lat' dir='ltr'>dux</span> <span class='ocrx_word' id='word_1_619' title='bbox 962 5553 1069 5609; x_wconf 86' lang='lat' dir='ltr'>fuit</span> <span class='ocrx_word' id='word_1_620' title='bbox 1107 5553 1288 5611; x_wconf 87' lang='lat' dir='ltr'>Caroli</span> <span class='ocrx_word' id='word_1_621' title='bbox 1320 5550 1503 5623; x_wconf 73' lang='lat' dir='ltr'>Calvi,</span> <span class='ocrx_word' id='word_1_622' title='bbox 1546 5571 1716 5611; x_wconf 72' lang='lat' dir='ltr'>caesus</span> <span class='ocrx_word' id='word_1_623' title='bbox 1753 5553 1806 5609; x_wconf 91' lang='lat' dir='ltr'>in</span> 
     </span>
    </p>
   </div>
   <div class='ocr_carea' id='block_1_91' title="bbox 218 5620 1810 5699">
    <p class='ocr_par' dir='ltr' id='par_1_91' title="bbox 218 5620 1810 5699">
     <span class='ocr_line' id='line_1_91' title="bbox 218 5620 1810 5699; baseline 0.004 -24"><span class='ocrx_word' id='word_1_624' title='bbox 218 5620 408 5691; x_wconf 61' lang='lat' dir='ltr'>praelia</span> <span class='ocrx_word' id='word_1_625' title='bbox 433 5622 697 5679; x_wconf 89' lang='lat' dir='ltr'>adversus</span> <span class='ocrx_word' id='word_1_626' title='bbox 726 5623 1108 5699; x_wconf 88' lang='lat' dir='ltr'>Herispogium</span> <span class='ocrx_word' id='word_1_627' title='bbox 1132 5625 1429 5682; x_wconf 73' lang='lat' dir='ltr'>Britannia:</span> <span class='ocrx_word' id='word_1_628' title='bbox 1450 5620 1642 5683; x_wconf 86' lang='lat' dir='ltr'>ducem</span> <span class='ocrx_word' id='word_1_629' title='bbox 1667 5641 1810 5681; x_wconf 86' lang='lat' dir='ltr'>anno</span> 
     </span>
    </p>
   </div>
   <div class='ocr_carea' id='block_1_92' title="bbox 1933 3190 3529 3267">
    <p class='ocr_par' dir='ltr' id='par_1_92' title="bbox 1933 3190 3529 3267">
     <span class='ocr_line' id='line_1_92' title="bbox 1933 3190 3529 3267; baseline -0.005 -12"><span class='ocrx_word' id='word_1_630' title='bbox 1933 3199 2217 3256; x_wconf 90' lang='lat' dir='ltr'>ecclesiam</span> <span class='ocrx_word' id='word_1_631' title='bbox 2240 3196 2359 3267; x_wconf 91' lang='lat' dir='ltr'>ejus</span> <span class='ocrx_word' id='word_1_632' title='bbox 2378 3193 2679 3249; x_wconf 87' lang='lat' dir='ltr'>virtutibus</span> <span class='ocrx_word' id='word_1_633' title='bbox 2700 3190 2991 3263; x_wconf 88' lang='lat' dir='ltr'>gloriosam</span> <span class='ocrx_word' id='word_1_634' title='bbox 3010 3208 3021 3245; x_wconf 93' lang='lat'>:</span> <span class='ocrx_word' id='word_1_635' title='bbox 3039 3190 3085 3245; x_wconf 91' lang='lat' dir='ltr'>is</span> <span class='ocrx_word' id='word_1_636' title='bbox 3102 3191 3254 3245; x_wconf 91' lang='lat' dir='ltr'>locus</span> <span class='ocrx_word' id='word_1_637' title='bbox 3269 3191 3529 3262; x_wconf 92' lang='lat' dir='ltr'>quoniam</span> 
     </span>
    </p>
   </div>
   <div class='ocr_carea' id='block_1_93' title="bbox 1933 3277 3529 3358">
    <p class='ocr_par' dir='ltr' id='par_1_93' title="bbox 1933 3277 3529 3358">
     <span class='ocr_line' id='line_1_93' title="bbox 1933 3277 3529 3358; baseline -0.004 -16"><span class='ocrx_word' id='word_1_638' title='bbox 1933 3304 2002 3342; x_wconf 91' lang='lat' dir='ltr'>ex</span> <span class='ocrx_word' id='word_1_639' title='bbox 2025 3289 2187 3358; x_wconf 89' lang='lat' dir='ltr'>longo</span> <span class='ocrx_word' id='word_1_640' title='bbox 2214 3284 2496 3356; x_wconf 82' lang='lat' dir='ltr'>signorum</span> <span class='ocrx_word' id='word_1_641' title='bbox 2513 3282 2682 3337; x_wconf 88' lang='lat' dir='ltr'>claret</span> <span class='ocrx_word' id='word_1_642' title='bbox 2697 3279 2998 3347; x_wconf 84' lang='lat' dir='ltr'>afﬂuentia,</span> <span class='ocrx_word' id='word_1_643' title='bbox 3030 3277 3416 3335; x_wconf 89' lang='lat' dir='ltr'>ardentissimo</span> <span class='ocrx_word' id='word_1_644' title='bbox 3438 3294 3529 3352; x_wconf 91' lang='lat' dir='ltr'>po-</span> 
     </span>
    </p>
   </div>
   <div class='ocr_carea' id='block_1_94' title="bbox 1932 3369 3525 3449">
    <p class='ocr_par' dir='ltr' id='par_1_94' title="bbox 1932 3369 3525 3449">
     <span class='ocr_line' id='line_1_94' title="bbox 1932 3369 3525 3449; baseline -0.003 -17"><span class='ocrx_word' id='word_1_645' title='bbox 1932 3379 2187 3449; x_wconf 88' lang='lat' dir='ltr'>pulorum</span> <span class='ocrx_word' id='word_1_646' title='bbox 2212 3377 2480 3432; x_wconf 88' lang='lat' dir='ltr'>indefesse</span> <span class='ocrx_word' id='word_1_647' title='bbox 2501 3370 2900 3430; x_wconf 85' lang='lat' dir='ltr'>confluentium</span> <span class='ocrx_word' id='word_1_648' title='bbox 2922 3369 3105 3427; x_wconf 91' lang='lat' dir='ltr'>studio</span> <span class='ocrx_word' id='word_1_649' title='bbox 3127 3372 3525 3442; x_wconf 87' lang='lat' dir='ltr'>frequentatur.</span> 
     </span>
    </p>
   </div>
   <div class='ocr_carea' id='block_1_95' title="bbox 1931 3458 3530 3537">
    <p class='ocr_par' dir='ltr' id='par_1_95' title="bbox 1931 3458 3530 3537">
     <span class='ocr_line' id='line_1_95' title="bbox 1931 3458 3530 3537; baseline -0.006 -14"><span class='ocrx_word' id='word_1_650' title='bbox 1931 3468 2244 3535; x_wconf 87' lang='lat' dir='ltr'>Testantur,</span> <span class='ocrx_word' id='word_1_651' title='bbox 2278 3465 2373 3537; x_wconf 90' lang='lat' dir='ltr'>qui</span> <span class='ocrx_word' id='word_1_652' title='bbox 2403 3462 2591 3518; x_wconf 92' lang='lat' dir='ltr'>videre</span> <span class='ocrx_word' id='word_1_653' title='bbox 2621 3458 2919 3531; x_wconf 82' lang='lat' dir='ltr'>saepissime</span> <span class='ocrx_word' id='word_1_654' title='bbox 2947 3458 3119 3515; x_wconf 89' lang='lat' dir='ltr'>totius</span> <span class='ocrx_word' id='word_1_655' title='bbox 3150 3458 3394 3515; x_wconf 67' lang='lat' dir='ltr'>basilicas</span> <span class='ocrx_word' id='word_1_656' title='bbox 3422 3475 3530 3531; x_wconf 90' lang='lat' dir='ltr'>pa-</span> 
     </span>
    </p>
   </div>
   <div class='ocr_carea' id='block_1_96' title="bbox 1929 3542 3528 3629">
    <p class='ocr_par' dir='ltr' id='par_1_96' title="bbox 1929 3542 3528 3629">
     <span class='ocr_line' id='line_1_96' title="bbox 1929 3542 3528 3629; baseline -0.005 -14"><span class='ocrx_word' id='word_1_657' title='bbox 1929 3558 2248 3615; x_wconf 87' lang='lat' dir='ltr'>rietesintra</span> <span class='ocrx_word' id='word_1_658' title='bbox 2268 3542 2530 3629; x_wconf 79' lang='lat' dir='ltr'>extraque</span> <span class='ocrx_word' id='word_1_659' title='bbox 2553 3554 2715 3628; x_wconf 89' lang='lat' dir='ltr'>pallis</span> <span class='ocrx_word' id='word_1_660' title='bbox 2737 3550 2762 3590; x_wconf 73' lang='grc' dir='ltr'>δ</span> <span class='ocrx_word' id='word_1_661' title='bbox 2784 3548 2847 3609; x_wconf 87' lang='lat' dir='ltr'>ac</span> <span class='ocrx_word' id='word_1_662' title='bbox 2865 3552 3052 3608; x_wconf 89' lang='lat' dir='ltr'>linteis</span> <span class='ocrx_word' id='word_1_663' title='bbox 3078 3558 3385 3624; x_wconf 89' lang='lat' dir='ltr'>coopertos,</span> <span class='ocrx_word' id='word_1_664' title='bbox 3407 3568 3528 3625; x_wconf 64' lang='lat' dir='ltr'>qua:</span> 
     </span>
    </p>
   </div>
   <div class='ocr_carea' id='block_1_97' title="bbox 1928 3641 3528 3719">
    <p class='ocr_par' dir='ltr' id='par_1_97' title="bbox 1928 3641 3528 3719">
     <span class='ocr_line' id='line_1_97' title="bbox 1928 3641 3528 3719; baseline -0.006 -14"><span class='ocrx_word' id='word_1_665' title='bbox 1928 3648 2174 3705; x_wconf 84' lang='lat' dir='ltr'>ﬁdelium</span> <span class='ocrx_word' id='word_1_666' title='bbox 2206 3647 2449 3715; x_wconf 89' lang='lat' dir='ltr'>devotio,</span> <span class='ocrx_word' id='word_1_667' title='bbox 2481 3645 2551 3702; x_wconf 91' lang='lat' dir='ltr'>ob</span> <span class='ocrx_word' id='word_1_668' title='bbox 2580 3651 2835 3719; x_wconf 89' lang='lat' dir='ltr'>percepta</span> <span class='ocrx_word' id='word_1_669' title='bbox 2863 3642 3160 3700; x_wconf 90' lang='lat' dir='ltr'>sanitatum</span> <span class='ocrx_word' id='word_1_670' title='bbox 3191 3642 3335 3698; x_wconf 89' lang='lat' dir='ltr'>dona</span> <span class='ocrx_word' id='word_1_671' title='bbox 3353 3641 3528 3699; x_wconf 89' lang='lat' dir='ltr'>coele-</span> 
     </span>
    </p>
   </div>
   <div class='ocr_carea' id='block_1_98' title="bbox 1928 3731 3527 3807">
    <p class='ocr_par' dir='ltr' id='par_1_98' title="bbox 1928 3731 3527 3807">
     <span class='ocr_line' id='line_1_98' title="bbox 1928 3731 3527 3807; baseline -0.004 -14"><span class='ocrx_word' id='word_1_672' title='bbox 1928 3739 2118 3806; x_wconf 89' lang='lat' dir='ltr'>stium,</span> <span class='ocrx_word' id='word_1_673' title='bbox 2149 3752 2302 3793; x_wconf 90' lang='lat' dir='ltr'>sacro</span> <span class='ocrx_word' id='word_1_674' title='bbox 2348 3734 2634 3807; x_wconf 89' lang='lat' dir='ltr'>suspendit</span> <span class='ocrx_word' id='word_1_675' title='bbox 2682 3735 2820 3790; x_wconf 92' lang='lat' dir='ltr'>loco.</span> <span class='ocrx_word' id='word_1_676' title='bbox 2856 3734 2954 3801; x_wconf 88' lang='lat' dir='ltr'>Ea,</span> <span class='ocrx_word' id='word_1_677' title='bbox 2987 3731 3132 3805; x_wconf 77' lang='lat' dir='ltr'>quod</span> <span class='ocrx_word' id='word_1_678' title='bbox 3180 3738 3332 3787; x_wconf 90' lang='lat' dir='ltr'>arcto</span> <span class='ocrx_word' id='word_1_679' title='bbox 3382 3747 3527 3787; x_wconf 84' lang='lat' dir='ltr'>con-</span> 
     </span>
    </p>
   </div>
   <div class='ocr_carea' id='block_1_99' title="bbox 1926 3819 3524 3894">
    <p class='ocr_par' dir='ltr' id='par_1_99' title="bbox 1926 3819 3524 3894">
     <span class='ocr_line' id='line_1_99' title="bbox 1926 3819 3524 3894; baseline -0.005 -11"><span class='ocrx_word' id='word_1_680' title='bbox 1926 3835 2134 3885; x_wconf 90' lang='lat' dir='ltr'>structa</span> <span class='ocrx_word' id='word_1_681' title='bbox 2162 3826 2395 3894; x_wconf 90' lang='lat' dir='ltr'>ambitu,</span> <span class='ocrx_word' id='word_1_682' title='bbox 2420 3824 2867 3884; x_wconf 89' lang='lat' dir='ltr'>concurrentium</span> <span class='ocrx_word' id='word_1_683' title='bbox 2896 3822 3072 3894; x_wconf 89' lang='lat' dir='ltr'>impar</span> <span class='ocrx_word' id='word_1_684' title='bbox 3090 3827 3205 3876; x_wconf 90' lang='lat' dir='ltr'>erat</span> <span class='ocrx_word' id='word_1_685' title='bbox 3226 3819 3524 3876; x_wconf 90' lang='lat' dir='ltr'>conventui</span> 
     </span>
    </p>
   </div>
   <div class='ocr_carea' id='block_1_100' title="bbox 1928 3908 3528 3987">
    <p class='ocr_par' dir='ltr' id='par_1_100' title="bbox 1928 3908 3528 3987">
     <span class='ocr_line' id='line_1_100' title="bbox 1928 3908 3528 3987; baseline -0.005 -15"><span class='ocrx_word' id='word_1_686' title='bbox 1928 3918 2274 3987; x_wconf 91' lang='lat' dir='ltr'>populorum,</span> <span class='ocrx_word' id='word_1_687' title='bbox 2298 3932 2329 3971; x_wconf 92' lang='lat' dir='ltr'>a</span> <span class='ocrx_word' id='word_1_688' title='bbox 2357 3915 2460 3973; x_wconf 90' lang='lat' dir='ltr'>loci</span> <span class='ocrx_word' id='word_1_689' title='bbox 2484 3913 2683 3971; x_wconf 91' lang='lat' dir='ltr'>incolis</span> <span class='ocrx_word' id='word_1_690' title='bbox 2703 3913 2837 3968; x_wconf 90' lang='lat' dir='ltr'>hinc</span> <span class='ocrx_word' id='word_1_691' title='bbox 2860 3911 2989 3967; x_wconf 91' lang='lat' dir='ltr'>inde</span> <span class='ocrx_word' id='word_1_692' title='bbox 3010 3910 3206 3982; x_wconf 91' lang='lat' dir='ltr'>ligneis</span> <span class='ocrx_word' id='word_1_693' title='bbox 3226 3916 3306 3964; x_wconf 90' lang='lat' dir='ltr'>est</span> <span class='ocrx_word' id='word_1_694' title='bbox 3322 3908 3528 3965; x_wconf 85' lang='lat' dir='ltr'>ambita</span> 
     </span>
    </p>
   </div>
   <div class='ocr_carea' id='block_1_101' title="bbox 1928 3994 3525 4075">
    <p class='ocr_par' dir='ltr' id='par_1_101' title="bbox 1928 3994 3525 4075">
     <span class='ocr_line' id='line_1_101' title="bbox 1928 3994 3525 4075; baseline -0.002 -20"><span class='ocrx_word' id='word_1_695' title='bbox 1928 4003 2251 4072; x_wconf 87' lang='lat' dir='ltr'>porticibus.</span> <span class='ocrx_word' id='word_1_696' title='bbox 2276 4005 2394 4059; x_wconf 85' lang='lat' dir='ltr'>Huc</span> <span class='ocrx_word' id='word_1_697' title='bbox 2420 4004 2539 4060; x_wconf 88' lang='lat' dir='ltr'>vice</span> <span class='ocrx_word' id='word_1_698' title='bbox 2560 4002 2793 4075; x_wconf 91' lang='lat' dir='ltr'>quadam</span> <span class='ocrx_word' id='word_1_699' title='bbox 2816 3998 3086 4057; x_wconf 87' lang='lat' dir='ltr'>Vivianus</span> <span class='ocrx_word' id='word_1_700' title='bbox 3114 3998 3368 4070; x_wconf 90' lang='lat' dir='ltr'>princeps</span> <span class='ocrx_word' id='word_1_701' title='bbox 3386 4006 3407 4032; x_wconf 78' lang='grc' dir='ltr'><strong>ο</strong></span> <span class='ocrx_word' id='word_1_702' title='bbox 3435 3994 3525 4052; x_wconf 80' lang='lat' dir='ltr'>de-</span> 
     </span>
    </p>
   </div>
   <div class='ocr_carea' id='block_1_102' title="bbox 1926 4085 3524 4159">
    <p class='ocr_par' dir='ltr' id='par_1_102' title="bbox 1926 4085 3524 4159">
     <span class='ocr_line' id='line_1_102' title="bbox 1926 4085 3524 4159; baseline 0 -18"><span class='ocrx_word' id='word_1_703' title='bbox 1926 4089 2176 4153; x_wconf 89' lang='lat' dir='ltr'>veniens,</span> <span class='ocrx_word' id='word_1_704' title='bbox 2206 4091 2299 4159; x_wconf 85' lang='lat' dir='ltr'>qui</span> <span class='ocrx_word' id='word_1_705' title='bbox 2332 4098 2451 4144; x_wconf 90' lang='lat' dir='ltr'>tum</span> <span class='ocrx_word' id='word_1_706' title='bbox 2472 4092 2648 4145; x_wconf 90' lang='lat' dir='ltr'>eidem</span> <span class='ocrx_word' id='word_1_707' title='bbox 2680 4089 3069 4145; x_wconf 90' lang='lat' dir='ltr'>dominabatur</span> <span class='ocrx_word' id='word_1_708' title='bbox 3096 4087 3290 4153; x_wconf 87' lang='lat' dir='ltr'>fundo,</span> <span class='ocrx_word' id='word_1_709' title='bbox 3319 4085 3524 4141; x_wconf 84' lang='lat' dir='ltr'>instru-</span> 
     </span>
    </p>
   </div>
   <div class='ocr_carea' id='block_1_103' title="bbox 1926 4180 3521 4250">
    <p class='ocr_par' dir='ltr' id='par_1_103' title="bbox 1926 4180 3521 4250">
     <span class='ocr_line' id='line_1_103' title="bbox 1926 4180 3521 4250; baseline -0.001 -14"><span class='ocrx_word' id='word_1_710' title='bbox 1926 4188 2073 4236; x_wconf 88' lang='lat' dir='ltr'>ctum</span> <span class='ocrx_word' id='word_1_711' title='bbox 2094 4195 2341 4235; x_wconf 90' lang='lat' dir='ltr'>sessurus</span> <span class='ocrx_word' id='word_1_712' title='bbox 2355 4181 2423 4233; x_wconf 88' lang='lat' dir='ltr'>ad</span> <span class='ocrx_word' id='word_1_713' title='bbox 2443 4182 2754 4250; x_wconf 89' lang='lat' dir='ltr'>prandium,</span> <span class='ocrx_word' id='word_1_714' title='bbox 2780 4182 2996 4250; x_wconf 67' lang='lat' dir='ltr'>capos‘,</span> <span class='ocrx_word' id='word_1_715' title='bbox 3022 4196 3157 4249; x_wconf 90' lang='lat' dir='ltr'>quos</span> <span class='ocrx_word' id='word_1_716' title='bbox 3174 4181 3339 4250; x_wconf 88' lang='lat' dir='ltr'>vulgo</span> <span class='ocrx_word' id='word_1_717' title='bbox 3359 4180 3521 4235; x_wconf 53' lang='lat' dir='ltr'>falco.</span> 
     </span>
    </p>
   </div>
   <div class='ocr_carea' id='block_1_104' title="bbox 1928 4264 3523 4338">
    <p class='ocr_par' dir='ltr' id='par_1_104' title="bbox 1928 4264 3523 4338">
     <span class='ocr_line' id='line_1_104' title="bbox 1928 4264 3523 4338; baseline -0.002 -16"><span class='ocrx_word' id='word_1_718' title='bbox 1928 4285 2022 4325; x_wconf 89' lang='lat' dir='ltr'>nes</span> <span class='ocrx_word' id='word_1_719' title='bbox 2067 4274 2407 4338; x_wconf 88' lang='lat' dir='ltr'>nuncupant,</span> <span class='ocrx_word' id='word_1_720' title='bbox 2436 4266 2527 4338; x_wconf 88' lang='lat' dir='ltr'>qui</span> <span class='ocrx_word' id='word_1_721' title='bbox 2564 4281 2749 4320; x_wconf 88' lang='lat' dir='ltr'>secum</span> <span class='ocrx_word' id='word_1_722' title='bbox 2779 4264 2948 4318; x_wconf 89' lang='lat' dir='ltr'>delati</span> <span class='ocrx_word' id='word_1_723' title='bbox 2981 4264 3220 4329; x_wconf 85' lang='lat' dir='ltr'>fuerant,</span> <span class='ocrx_word' id='word_1_724' title='bbox 3256 4281 3350 4334; x_wconf 90' lang='lat' dir='ltr'>per</span> <span class='ocrx_word' id='word_1_725' title='bbox 3381 4266 3523 4320; x_wconf 87' lang='lat' dir='ltr'>basi-</span> 
     </span>
    </p>
   </div>
   <div class='ocr_carea' id='block_1_105' title="bbox 1930 4349 3521 4428">
    <p class='ocr_par' dir='ltr' id='par_1_105' title="bbox 1930 4349 3521 4428">
     <span class='ocr_line' id='line_1_105' title="bbox 1930 4349 3521 4428; baseline -0.006 -15"><span class='ocrx_word' id='word_1_726' title='bbox 1930 4356 2048 4413; x_wconf 74' lang='lat' dir='ltr'>licae</span> <span class='ocrx_word' id='word_1_727' title='bbox 2073 4358 2320 4428; x_wconf 88' lang='lat' dir='ltr'>porticus</span> <span class='ocrx_word' id='word_1_728' title='bbox 2341 4353 2597 4426; x_wconf 70' lang='lat' dir='ltr'>componi</span> <span class='ocrx_word' id='word_1_729' title='bbox 2624 4350 2896 4424; x_wconf 71' lang='lat' dir='ltr'>praecepit.</span> <span class='ocrx_word' id='word_1_730' title='bbox 2924 4350 3038 4405; x_wconf 83' lang='lat' dir='ltr'>Hoc</span> <span class='ocrx_word' id='word_1_731' title='bbox 3064 4349 3228 4415; x_wconf 88' lang='lat' dir='ltr'>facto,</span> <span class='ocrx_word' id='word_1_732' title='bbox 3261 4350 3521 4405; x_wconf 83' lang='lat' dir='ltr'>convivio</span> 
     </span>
    </p>
   </div>
   <div class='ocr_carea' id='block_1_106' title="bbox 1924 4428 3520 4515">
    <p class='ocr_par' dir='ltr' id='par_1_106' title="bbox 1924 4428 3520 4515">
     <span class='ocr_line' id='line_1_106' title="bbox 1924 4428 3520 4515; baseline -0.009 -11"><span class='ocrx_word' id='word_1_733' title='bbox 1924 4463 2039 4504; x_wconf 89' lang='lat' dir='ltr'>sese</span> <span class='ocrx_word' id='word_1_734' title='bbox 2085 4443 2318 4503; x_wconf 88' lang='lat' dir='ltr'>indulsit</span> <span class='ocrx_word' id='word_1_735' title='bbox 2345 4462 2355 4499; x_wconf 94' lang='lat'>:</span> <span class='ocrx_word' id='word_1_736' title='bbox 2381 4459 2540 4515; x_wconf 88' lang='lat' dir='ltr'>aquo</span> <span class='ocrx_word' id='word_1_737' title='bbox 2577 4458 2702 4498; x_wconf 92' lang='lat' dir='ltr'>cum</span> <span class='ocrx_word' id='word_1_738' title='bbox 2735 4438 3086 4505; x_wconf 80' lang='lat' dir='ltr'>surrexisset,</span> <span class='ocrx_word' id='word_1_739' title='bbox 3126 4428 3368 4492; x_wconf 83' lang='lat' dir='ltr'>falcones</span> <span class='ocrx_word' id='word_1_740' title='bbox 3396 4437 3520 4491; x_wconf 87' lang='lat' dir='ltr'>uni-</span> 
     </span>
    </p>
   </div>
   <div class='ocr_carea' id='block_1_107' title="bbox 1925 4523 3520 4602">
    <p class='ocr_par' dir='ltr' id='par_1_107' title="bbox 1925 4523 3520 4602">
     <span class='ocr_line' id='line_1_107' title="bbox 1925 4523 3520 4602; baseline -0.007 -12"><span class='ocrx_word' id='word_1_741' title='bbox 1925 4552 2111 4593; x_wconf 92' lang='lat' dir='ltr'>versos</span> <span class='ocrx_word' id='word_1_742' title='bbox 2137 4542 2385 4589; x_wconf 90' lang='lat' dir='ltr'>mortuos</span> <span class='ocrx_word' id='word_1_743' title='bbox 2412 4528 2885 4602; x_wconf 38' lang='lat' dir='ltr'>reperityiisdem,</span> <span class='ocrx_word' id='word_1_744' title='bbox 2924 4524 3127 4598; x_wconf 89' lang='lat' dir='ltr'>quibus</span> <span class='ocrx_word' id='word_1_745' title='bbox 3149 4523 3377 4594; x_wconf 83' lang='lat' dir='ltr'>implexi</span> <span class='ocrx_word' id='word_1_746' title='bbox 3405 4523 3520 4579; x_wconf 87' lang='lat' dir='ltr'>fue-</span> 
     </span>
    </p>
   </div>
   <div class='ocr_carea' id='block_1_108' title="bbox 1922 4611 3521 4697">
    <p class='ocr_par' dir='ltr' id='par_1_108' title="bbox 1922 4611 3521 4697">
     <span class='ocr_line' id='line_1_108' title="bbox 1922 4611 3521 4697; baseline -0.009 -15"><span class='ocrx_word' id='word_1_747' title='bbox 1922 4633 2065 4693; x_wconf 90' lang='lat' dir='ltr'>rant,</span> <span class='ocrx_word' id='word_1_748' title='bbox 2085 4623 2294 4697; x_wconf 91' lang='lat' dir='ltr'>pedicis</span> <span class='ocrx_word' id='word_1_749' title='bbox 2314 4620 2706 4692; x_wconf 90' lang='lat' dir='ltr'>dependentes.</span> <span class='ocrx_word' id='word_1_750' title='bbox 2723 4616 3024 4672; x_wconf 90' lang='lat' dir='ltr'>Temeritas</span> <span class='ocrx_word' id='word_1_751' title='bbox 3043 4611 3309 4685; x_wconf 90' lang='lat' dir='ltr'>principis</span> <span class='ocrx_word' id='word_1_752' title='bbox 3325 4611 3521 4683; x_wconf 88' lang='lat' dir='ltr'>punita</span> 
     </span>
    </p>
   </div>
   <div class='ocr_carea' id='block_1_109' title="bbox 1922 4698 3514 4782">
    <p class='ocr_par' dir='ltr' id='par_1_109' title="bbox 1922 4698 3514 4782">
     <span class='ocr_line' id='line_1_109' title="bbox 1922 4698 3514 4782; baseline -0.009 -13"><span class='ocrx_word' id='word_1_753' title='bbox 1922 4713 2124 4769; x_wconf 92' lang='lat' dir='ltr'>damno</span> <span class='ocrx_word' id='word_1_754' title='bbox 2146 4710 2467 4782; x_wconf 74' lang='lat' dir='ltr'>gratissime</span> <span class='ocrx_word' id='word_1_755' title='bbox 2497 4706 2819 4779; x_wconf 89' lang='lat' dir='ltr'>voluptatis,</span> <span class='ocrx_word' id='word_1_756' title='bbox 2842 4703 2947 4777; x_wconf 89' lang='lat' dir='ltr'>ipsi</span> <span class='ocrx_word' id='word_1_757' title='bbox 2969 4700 3191 4775; x_wconf 90' lang='lat' dir='ltr'>quidem</span> <span class='ocrx_word' id='word_1_758' title='bbox 3212 4698 3514 4767; x_wconf 86' lang='lat' dir='ltr'>tristitiam,</span> 
     </span>
    </p>
   </div>
   <div class='ocr_carea' id='block_1_110' title="bbox 1922 4788 3518 4877">
    <p class='ocr_par' dir='ltr' id='par_1_110' title="bbox 1922 4788 3518 4877">
     <span class='ocr_line' id='line_1_110' title="bbox 1922 4788 3518 4877; baseline -0.009 -17"><span class='ocrx_word' id='word_1_759' title='bbox 1922 4803 2149 4877; x_wconf 85' lang='lat' dir='ltr'>reliquis</span> <span class='ocrx_word' id='word_1_760' title='bbox 2165 4800 2358 4858; x_wconf 92' lang='lat' dir='ltr'>intulit</span> <span class='ocrx_word' id='word_1_761' title='bbox 2369 4797 2809 4855; x_wconf 87' lang='lat' dir='ltr'>admirationem.</span> <span class='ocrx_word' id='word_1_762' title='bbox 2824 4794 3128 4851; x_wconf 89' lang='lat' dir='ltr'>Germanus</span> <span class='ocrx_word' id='word_1_763' title='bbox 3144 4788 3518 4847; x_wconf 91' lang='lat' dir='ltr'>sanctissimus</span> 
     </span>
    </p>
   </div>
   <div class='ocr_carea' id='block_1_111' title="bbox 1921 4881 3517 4957">
    <p class='ocr_par' dir='ltr' id='par_1_111' title="bbox 1921 4881 3517 4957">
     <span class='ocr_line' id='line_1_111' title="bbox 1921 4881 3517 4957; baseline -0.01 -6"><span class='ocrx_word' id='word_1_764' title='bbox 1921 4911 2019 4951; x_wconf 92' lang='lat' dir='ltr'>suo</span> <span class='ocrx_word' id='word_1_765' title='bbox 2048 4889 2412 4949; x_wconf 87' lang='lat' dir='ltr'>reverentiam</span> <span class='ocrx_word' id='word_1_766' title='bbox 2436 4886 2727 4944; x_wconf 90' lang='lat' dir='ltr'>vindicans</span> <span class='ocrx_word' id='word_1_767' title='bbox 2749 4884 2891 4953; x_wconf 92' lang='lat' dir='ltr'>loco,</span> <span class='ocrx_word' id='word_1_768' title='bbox 2916 4899 3079 4957; x_wconf 86' lang='lat' dir='ltr'>quam</span> <span class='ocrx_word' id='word_1_769' title='bbox 3099 4881 3205 4938; x_wconf 84' lang='lat' dir='ltr'>sibi</span> <span class='ocrx_word' id='word_1_770' title='bbox 3226 4881 3517 4954; x_wconf 89' lang='lat' dir='ltr'>displicue-</span> 
     </span>
    </p>
   </div>
   <div class='ocr_carea' id='block_1_112' title="bbox 1921 4968 3514 5052">
    <p class='ocr_par' dir='ltr' id='par_1_112' title="bbox 1921 4968 3514 5052">
     <span class='ocr_line' id='line_1_112' title="bbox 1921 4968 3514 5052; baseline -0.01 -13"><span class='ocrx_word' id='word_1_771' title='bbox 1921 4982 1994 5038; x_wconf 92' lang='lat' dir='ltr'>rit</span> <span class='ocrx_word' id='word_1_772' title='bbox 2014 4998 2157 5038; x_wconf 70' lang='lat' dir='ltr'>saava</span> <span class='ocrx_word' id='word_1_773' title='bbox 2176 4978 2467 5052; x_wconf 87' lang='lat' dir='ltr'>rapacitas,</span> <span class='ocrx_word' id='word_1_774' title='bbox 2489 4975 2777 5032; x_wconf 89' lang='lat' dir='ltr'>evidenter</span> <span class='ocrx_word' id='word_1_775' title='bbox 2804 4971 3114 5039; x_wconf 89' lang='lat' dir='ltr'>admonuit,</span> <span class='ocrx_word' id='word_1_776' title='bbox 3137 4969 3295 5049; x_wconf 81' lang='lat' dir='ltr'>cujus</span> <span class='ocrx_word' id='word_1_777' title='bbox 3314 4968 3514 5025; x_wconf 77' lang='lat' dir='ltr'>vitium</span> 
     </span>
    </p>
   </div>
   <div class='ocr_carea' id='block_1_113' title="bbox 1921 5052 3516 5134">
    <p class='ocr_par' dir='ltr' id='par_1_113' title="bbox 1921 5052 3516 5134">
     <span class='ocr_line' id='line_1_113' title="bbox 1921 5052 3516 5134; baseline -0.008 -15"><span class='ocrx_word' id='word_1_778' title='bbox 1921 5065 2085 5120; x_wconf 89' lang='lat' dir='ltr'>etiam</span> <span class='ocrx_word' id='word_1_779' title='bbox 2130 5065 2189 5119; x_wconf 91' lang='lat' dir='ltr'>in</span> <span class='ocrx_word' id='word_1_780' title='bbox 2235 5063 2431 5120; x_wconf 88' lang='lat' dir='ltr'>avibus</span> <span class='ocrx_word' id='word_1_781' title='bbox 2478 5070 2637 5134; x_wconf 90' lang='lat' dir='ltr'>raptu</span> <span class='ocrx_word' id='word_1_782' title='bbox 2679 5059 3064 5117; x_wconf 89' lang='lat' dir='ltr'>victitantibus</span> <span class='ocrx_word' id='word_1_783' title='bbox 3110 5064 3223 5112; x_wconf 92' lang='lat' dir='ltr'>tam</span> <span class='ocrx_word' id='word_1_784' title='bbox 3265 5052 3516 5111; x_wconf 90' lang='lat' dir='ltr'>districte</span> 
     </span>
    </p>
   </div>
   <div class='ocr_carea' id='block_1_114' title="bbox 1921 5160 2360 5226">
    <p class='ocr_par' dir='ltr' id='par_1_114' title="bbox 1921 5160 2360 5226">
     <span class='ocr_line' id='line_1_114' title="bbox 1921 5160 2360 5226; baseline -0.007 -16"><span class='ocrx_word' id='word_1_785' title='bbox 1921 5161 2234 5226; x_wconf 89' lang='lat' dir='ltr'>persecutus</span> <span class='ocrx_word' id='word_1_786' title='bbox 2259 5160 2360 5209; x_wconf 71' lang='grc' dir='ltr'>εει.</span> 
     </span>
    </p>
   </div>
   <div class='ocr_carea' id='block_1_115' title="bbox 1991 5239 3513 5322">
    <p class='ocr_par' dir='ltr' id='par_1_115' title="bbox 1991 5239 3513 5322">
     <span class='ocr_line' id='line_1_115' title="bbox 1991 5239 3513 5322; baseline -0.008 -15"><span class='ocrx_word' id='word_1_787' title='bbox 1991 5252 2078 5308; x_wconf 88' lang='lat'>69.</span> <span class='ocrx_word' id='word_1_788' title='bbox 2108 5252 2170 5306; x_wconf 92' lang='lat' dir='ltr'>In</span> <span class='ocrx_word' id='word_1_789' title='bbox 2201 5249 2448 5322; x_wconf 88' lang='lat' dir='ltr'>perjuros</span> <span class='ocrx_word' id='word_1_790' title='bbox 2474 5264 2689 5321; x_wconf 87' lang='lat' dir='ltr'>quoque</span> <span class='ocrx_word' id='word_1_791' title='bbox 2728 5252 2914 5303; x_wconf 88' lang='lat' dir='ltr'>tantus</span> <span class='ocrx_word' id='word_1_792' title='bbox 2942 5243 3134 5300; x_wconf 86' lang='lat' dir='ltr'>existit</span> <span class='ocrx_word' id='word_1_793' title='bbox 3168 5243 3339 5309; x_wconf 91' lang='lat' dir='ltr'>ultor,</span> <span class='ocrx_word' id='word_1_794' title='bbox 3372 5246 3433 5294; x_wconf 90' lang='lat' dir='ltr'>ut</span> <span class='ocrx_word' id='word_1_795' title='bbox 3454 5239 3513 5295; x_wconf 92' lang='lat' dir='ltr'>in</span> 
     </span>
    </p>
   </div>
   <div class='ocr_carea' id='block_1_116' title="bbox 1919 5327 3513 5411">
    <p class='ocr_par' dir='ltr' id='par_1_116' title="bbox 1919 5327 3513 5411">
     <span class='ocr_line' id='line_1_116' title="bbox 1919 5327 3513 5411; baseline -0.009 -15"><span class='ocrx_word' id='word_1_796' title='bbox 1919 5340 2044 5407; x_wconf 83' lang='grc'>851,</span> <span class='ocrx_word' id='word_1_797' title='bbox 2071 5338 2233 5411; x_wconf 87' lang='lat' dir='ltr'>juxta</span> <span class='ocrx_word' id='word_1_798' title='bbox 2278 5337 2615 5411; x_wconf 76' lang='lat' dir='ltr'>Chronicum</span> <span class='ocrx_word' id='word_1_799' title='bbox 2645 5334 2903 5392; x_wconf 86' lang='lat' dir='ltr'>Ademari</span> <span class='ocrx_word' id='word_1_800' title='bbox 2937 5333 3087 5411; x_wconf 69' lang='lat' dir='ltr'>apud</span> <span class='ocrx_word' id='word_1_801' title='bbox 3125 5329 3423 5411; x_wconf 61' lang='lat' dir='ltr'>Labbpum,</span> <span class='ocrx_word' id='word_1_802' title='bbox 3453 5327 3513 5382; x_wconf 92' lang='lat' dir='ltr'>in</span> 
     </span>
    </p>
   </div>
   <div class='ocr_carea' id='block_1_117' title="bbox 1920 5401 3510 5475">
    <p class='ocr_par' dir='ltr' id='par_1_117' title="bbox 1920 5401 3510 5475">
     <span class='ocr_line' id='line_1_117' title="bbox 1920 5401 3510 5475; baseline -0.008 -9"><span class='ocrx_word' id='word_1_803' title='bbox 1920 5401 2264 5466; x_wconf 78' lang='lat' dir='ltr'>Bibliotheca</span> <span class='ocrx_word' id='word_1_804' title='bbox 2312 5426 2438 5465; x_wconf 91' lang='lat' dir='ltr'>mss.</span> <span class='ocrx_word' id='word_1_805' title='bbox 2468 5408 2736 5464; x_wconf 90' lang='lat' dir='ltr'>librorum</span> <span class='ocrx_word' id='word_1_806' title='bbox 2766 5414 2901 5462; x_wconf 91' lang='lat' dir='ltr'>tom.</span> <span class='ocrx_word' id='word_1_807' title='bbox 2935 5401 3003 5471; x_wconf 78' lang='grc' dir='ltr'>Π,</span> <span class='ocrx_word' id='word_1_808' title='bbox 3037 5401 3289 5475; x_wconf 72' lang='lat' dir='ltr'>pag._161</span> <span class='ocrx_word' id='word_1_809' title='bbox 3313 5407 3367 5455; x_wconf 93' lang='lat' dir='ltr'>et</span> <span class='ocrx_word' id='word_1_810' title='bbox 3395 5415 3510 5470; x_wconf 87' lang='lat' dir='ltr'>seq.</span> 
     </span>
    </p>
   </div>
   <div class='ocr_carea' id='block_1_118' title="bbox 1989 5471 3513 5561">
    <p class='ocr_par' dir='ltr' id='par_1_118' title="bbox 1989 5471 3513 5561">
     <span class='ocr_line' id='line_1_118' title="bbox 1989 5471 3513 5561; baseline -0.011 -22"><span class='ocrx_word' id='word_1_811' title='bbox 1989 5486 2012 5520; x_wconf 72' lang='grc' dir='ltr'>ἀ</span> <span class='ocrx_word' id='word_1_812' title='bbox 2046 5482 2297 5561; x_wconf 53' lang='lat' dir='ltr'>Falcones</span> <span class='ocrx_word' id='word_1_813' title='bbox 2325 5480 2587 5561; x_wconf 88' lang='lat' dir='ltr'>appellari</span> <span class='ocrx_word' id='word_1_814' title='bbox 2608 5495 2764 5561; x_wconf 61' lang='lat' dir='ltr'>cupas</span> <span class='ocrx_word' id='word_1_815' title='bbox 2792 5493 2824 5561; x_wconf 62' lang='grc' dir='ltr'>ξ</span> <span class='ocrx_word' id='word_1_816' title='bbox 2850 5471 3127 5561; x_wconf 59' lang='lat' dir='ltr'>cupiendo,</span> <span class='ocrx_word' id='word_1_817' title='bbox 3370 5486 3513 5561; x_wconf 42' lang='lat' dir='ltr'>pas:</span> 
     </span>
    </p>
   </div>
   <div class='ocr_carea' id='block_1_119' title="bbox 1920 5544 3511 5629">
    <p class='ocr_par' dir='ltr' id='par_1_119' title="bbox 1920 5544 3511 5629">
     <span class='ocr_line' id='line_1_119' title="bbox 1920 5544 3511 5629; baseline -0.006 -20"><span class='ocrx_word' id='word_1_818' title='bbox 1920 5554 2039 5629; x_wconf 87' lang='lat' dir='ltr'>sim_</span> <span class='ocrx_word' id='word_1_819' title='bbox 2057 5569 2181 5609; x_wconf 94' lang='lat' dir='ltr'>cum</span> <span class='ocrx_word' id='word_1_820' title='bbox 2212 5544 2416 5622; x_wconf 80' lang='lat' dir='ltr'>Cangio</span> <span class='ocrx_word' id='word_1_821' title='bbox 2445 5544 3046 5629; x_wconf 43' lang='lat' dir='ltr'>etymologi..Labbeus</span> <span class='ocrx_word' id='word_1_822' title='bbox 3066 5560 3187 5601; x_wconf 83' lang='lat' dir='ltr'>aves</span> <span class='ocrx_word' id='word_1_823' title='bbox 3208 5544 3338 5614; x_wconf 83' lang='lat' dir='ltr'>legit</span> <span class='ocrx_word' id='word_1_824' title='bbox 3368 5558 3380 5598; x_wconf 93' lang='lat'>:</span> <span class='ocrx_word' id='word_1_825' title='bbox 3413 5557 3511 5613; x_wconf 86' lang='lat' dir='ltr'>ego</span> 
     </span>
    </p>
   </div>
   <div class='ocr_carea' id='block_1_120' title="bbox 1918 5622 2806 5695">
    <p class='ocr_par' dir='ltr' id='par_1_120' title="bbox 1918 5622 2806 5695">
     <span class='ocr_line' id='line_1_120' title="bbox 1918 5622 2806 5695; baseline -0.007 -13"><span class='ocrx_word' id='word_1_826' title='bbox 1918 5625 2136 5682; x_wconf 88' lang='lat' dir='ltr'>codices</span> <span class='ocrx_word' id='word_1_827' title='bbox 2167 5631 2383 5680; x_wconf 87' lang='lat' dir='ltr'>nostros</span> <span class='ocrx_word' id='word_1_828' title='bbox 2411 5622 2600 5679; x_wconf 86' lang='lat' dir='ltr'>malim</span> <span class='ocrx_word' id='word_1_829' title='bbox 2630 5622 2806 5695; x_wconf 86' lang='lat' dir='ltr'>sequi.</span> 
     </span>
    </p>
   </div>
  </div>
