4074 6186
524 246 660 307 1239

1522 243 1761 304 HERICI
1802 242 2123 302 MONACHI
2161 240 2821 301 ANTISSIODORENSIS

3692 239 3852 300 1240

522 398 685 459 altari
713 396 832 472 ejus
856 397 1097 455 basilica;
1116 411 1279 453 nemo
1308 393 1526 464 audeat,
1562 411 1631 452 ne
1655 410 1850 452 verum
1870 394 2116 470 quidem,
2150 395 2199 455 A
2227 393 2402 465 exuit,
2433 411 2628 451 verum
2655 394 2818 450 etiam
2844 410 2877 449 a
2904 391 3279 468 periculorum
3312 389 3643 449 incursione
3674 406 3853 449 com-

520 489 837 565 juramento
885 503 1160 562 peragere.
1191 486 1266 543 At
1311 485 1357 542 si
1400 484 1495 561 qui
1535 487 1727 542 saltem
1776 484 1836 543 in
1880 485 2123 542 ecclesiae

522 579 694 655 janua
714 577 901 652 jurare
924 583 1227 645 tentarunt,
1258 574 1573 632 inevitabili
1605 592 1736 631 mox
1766 574 1977 632 ultione
2007 591 2124 648 per-

527 669 668 727 culsi
690 667 1111 741 exspiraverunt
1138 664 1275 734 alii;
1308 664 1406 722 alii
1441 664 1747 721 imbecilles
1772 664 1975 732 effecti,
2008 679 2126 736 per-

531 767 696 834 petuo
738 756 986 832 profanis
1031 756 1257 813 ausibus
1308 771 1498 829 poenas
1546 754 1745 811 dedere
1791 753 2123 827 praecipites.

532 848 673 908 Caeci
706 848 826 922 ipso
856 847 912 903 in
942 846 1065 905 loco
1090 845 1277 903 lumen
1299 862 1688 919 recuperavere
1710 843 2126 918 quamplurimi,

531 938 712 997 claudi
760 938 1025 1009 gressum,
1060 936 1260 1010 leprosi
1314 935 1539 1008 polluta:
1586 937 1730 993 cutis
1773 934 2126 1015 munditiam,

529 1023 846 1097 frigoritici,
875 1022 938 1094 (ἰ.
971 1039 1019 1091 e.
1039 1016 1439 1094 febricitantes)
1463 1021 1800 1096 sospitatem.
1826 1021 1951 1078 Haec
1984 1037 2129 1078 com-

532 1114 734 1192 pendio
762 1112 1067 1186 tetigimus,
1097 1128 1167 1167 ne
1205 1111 1360 1169 locus
1388 1111 1729 1186 quotidianis
1758 1111 1975 1168 illuster
2003 1109 2131 1185 [al.,

530 1201 787 1280 illustris]
816 1200 1121 1270 beneﬁciis,
1142 1200 1451 1273 excipiatur
1464 1199 1531 1256 ab
1559 1200 1742 1258 ofﬁcio
1766 1208 1965 1256 nostrae
1985 1214 2132 1255 com-

531 1287 1240 1348 memorationisﬂaeterum
1262 1288 1321 1344 in
1343 1288 1478 1346 locis
1494 1287 1931 1357 Cinomannicis,
1952 1286 2131 1342 Ande-

534 1378 750 1452 gavinis
773 1394 1013 1453 quoque,
1035 1394 1098 1434 ac
1119 1376 1461 1434 Baiocasinis
1483 1385 1503 1411 ⁸
1522 1376 1826 1434 certissime
1855 1382 2129 1445 asserunt,

531 1468 836 1528 beatissimi
857 1467 1115 1527 Germani
1152 1467 1381 1540 gloriam
1408 1483 1546 1541 pene
1576 1466 1855 1541 copiosius
1883 1463 1952 1520 ab
1981 1464 2134 1521 omni

535 1561 738 1637 populo
784 1558 1057 1629 venerari,
1089 1574 1250 1633 quam
1293 1558 1362 1630 (si
1411 1556 1521 1614 dici
1578 1556 1763 1628 liceat)
1794 1572 1902 1630 quo
1948 1561 2138 1611 sancta

536 1650 655 1725 ejus
706 1647 953 1708 membra
997 1646 1263 1706 recubant
1294 1646 1599 1715 tumulata;
1645 1647 1782 1704 adeo
1820 1652 1881 1701 ut
1919 1644 2139 1701 inﬁnita

2235 481 2435 538 munit.
2464 481 2732 539 Novimus
2763 480 2849 536 his
2887 479 2945 536 in
2974 478 3109 535 locis
3138 478 3438 535 nonnullas
3466 476 3586 550 ejus
3624 476 3851 534 honore

2234 568 2510 641 basilicas,
2526 571 2581 627 in
2595 570 2795 645 quibus
2814 569 2921 625 olei
2947 567 3141 626 crebro
3170 583 3391 623 manare
3411 566 3847 641 pinguedinem,

2237 668 2291 717 et
2319 660 2577 719 miraculi
2607 660 2937 734 frequentia,
2964 666 3018 714 et
3045 658 3347 714 multorum
3370 656 3704 714 testimonio
3716 674 3852 715 con-

2239 749 2509 806 ﬁrmatur.
2559 752 2638 807 De
2665 747 2913 805 febribus
2962 746 3234 820 pellendis
3283 763 3589 804 memorare
3630 747 3853 821 aliquid

2239 839 2573 912 superfluum
2590 838 2880 906 ducimus;
2910 836 3131 912 quando
3154 835 3262 893 hoc
3287 836 3622 893 beneﬁcium
3654 837 3852 912 quoti-

2238 928 2465 985 dianum
2516 945 2627 985 non
2668 927 2784 1001 jam
2820 927 3091 984 miraculo
3137 926 3385 983 ducitur.
3436 927 3590 983 Alias
3624 944 3854 1002 quoque

2240 1018 2443 1075 scimus
2462 1034 2558 1091 per
2587 1015 2832 1089 ejusdem
2856 1014 3179 1072 solitudinis
3192 1023 3347 1071 vasta
3365 1015 3615 1085 diffusas,
3643 1016 3855 1090 quibus

2240 1117 2446 1184 quanto
2469 1108 2649 1163 minor
2668 1107 2734 1163 ab
2763 1106 2989 1163 homine
3016 1106 3201 1164 cultus
3217 1106 3582 1180 impenditur,
3604 1115 3772 1163 tanto
3792 1106 3851 1163 in

2242 1201 2321 1257 eis
2354 1197 2669 1255 divinitatis
2697 1199 2989 1272 praesentia
3009 1199 3193 1272 potior
3223 1198 3557 1256 declaratur.

2316 1292 2402 1350 72.
2434 1292 2568 1348 Nam
2602 1298 2656 1348 et
2684 1291 2982 1348 luminaria
3009 1292 3056 1348 si
3085 1300 3180 1349 aut
3208 1292 3423 1349 tardius
3460 1292 3693 1350 accendi
3723 1308 3858 1350 con-

2247 1382 2449 1455 tigerit,
2479 1389 2576 1438 aut
2615 1397 2844 1439 accensa
2889 1382 3191 1456 exstingui,
3221 1399 3598 1456 saepenumero
3646 1383 3857 1457 depre-

2244 1471 2415 1529 hensa
2429 1478 2560 1527 sunt
2573 1471 2690 1528 illic
2705 1470 2922 1529 coalitus
2940 1470 3276 1528 inﬂammari
3295 1490 3309 1540 ;
3335 1471 3488 1545 signa
3507 1488 3731 1546 quoque
3753 1487 3857 1529 ec-

2245 1563 2425 1623 clesiae
2445 1564 2747 1634 interdum,
2777 1564 2936 1621 nullo
2971 1565 3250 1638 pulsante,
3282 1565 3539 1622 sonantia
3566 1565 3856 1639 periculo—

2246 1673 2360 1713 sam
2418 1655 2711 1714 custodum
2764 1655 3153 1729 negligentiam
3225 1672 3351 1730 erga
3412 1654 3635 1713 divinas
3692 1655 3856 1713 horas

539 1742 823 1811 miracula,
857 1757 953 1816 Per
978 1757 1105 1799 eum
1127 1740 1187 1797 in
1206 1739 1296 1796 his
1325 1747 1539 1813 Patrata
1562 1737 1901 1812 regionibus:
1926 1753 1993 1793 ηθ
2013 1752 2136 1791 vel"
2169 1766 2215 1826 Β
2251 1756 2554 1821 spontaneo
2580 1746 2763 1803 ofﬁcio
2789 1746 3096 1820 increpare.
3128 1747 3201 1804 Ut
3227 1746 3404 1820 palam
3437 1747 3705 1817 emineat,
3728 1764 3854 1804 ces-

538 1830 623 1889 bis
651 1831 872 1905 quidem
899 1828 1118 1901 attingi,
1152 1827 1352 1883 nedum
1385 1826 1598 1900 paginis
1628 1826 1794 1883 inseri
1826 1826 2067 1882 valeant.

544 1998 551 2001 ,
611 1936 698 1994 70.
733 1936 845 1993 Nec
868 1942 1073 1991 temere
1099 1934 1561 2006 praetereundum,
1594 1932 1743 2004 quod
1771 1930 2140 2004 portiunculae

537 2040 607 2080 ex
628 2023 812 2080 loculo
831 2022 970 2079 sacri
992 2021 1237 2093 corporis
1257 2037 1355 2092 pro
1368 2019 1619 2092 reliquiis
1643 2019 1803 2086 datae,
1824 2018 2142 2075 caelestibus

512 2113 818 2170 sinterdum
839 2112 1082 2168 claruere
1098 2107 1414 2165 miraculis:
1437 2124 1672 2181 namque
1693 2107 1898 2164 illustri
1921 2108 2139 2165 cuidam

537 2203 682 2272 viro,
696 2200 841 2258 beati
864 2200 1122 2257 Germani
1142 2198 1405 2272 reliquias
1424 2199 1751 2273 postulanti,
1779 2201 2013 2256 astulam
2030 2200 2055 2235 ι’
2073 2216 2143 2255 ex

538 2308 816 2367 cupresso,
838 2306 942 2364 qua
973 2289 1249 2363 quondam
1271 2305 1485 2347 sacrum
1508 2289 1793 2362 tegebatur
1812 2306 2033 2362 corpus,
2069 2291 2138 2347 ab

539 2367 855 2461 archiclavo
899 2378 922 2454 [
925 2380 1100 2452 vulgo,
1121 2376 1490 2453 thesaurario]
1514 2378 1757 2436 ecclesiae
1786 2378 2141 2437 meminimus

542 2471 710 2530 fuisse
722 2469 1164 2543 concessam.llle
1182 2484 1399 2525 summa
1417 2484 1543 2526 cum
1565 2466 1859 2525 devotione
1878 2470 2137 2543 suscepit;

541 2563 662 2620 etin
677 2560 1054 2636 superioribus
1065 2559 1313 2633 partibus
1324 2557 1823 2616 Antissiodorensis
1840 2560 1962 2633 pagi
1979 2560 2036 2616 in
2051 2577 2140 2633 pa-

540 2650 803 2710 trimonio
814 2649 1087 2724 suo,quod
1101 2648 1410 2706 Heldinnus
1421 2647 1956 2718 dicitur,oratorium
1971 2650 2140 2707 sancti

541 2740 792 2814 praesulis
810 2739 1020 2795 honore
1040 2738 1499 2796 construxit.Huc
1525 2753 1580 2794 se
1597 2738 1830 2812 quadam
1852 2738 1941 2794 die
1960 2740 2142 2812 puella

544 2830 792 2902 quaedam
819 2829 1037 2907 reptilis
1061 2829 1320 2896 contulit,
1342 2845 1505 2901 quam
1529 2830 1605 2885 ita
1634 2828 1923 2887 horrendae
1945 2831 2031 2888 vis
2050 2832 2141 2889 de-

545 2918 779 2976 bilitatis
805 2917 1079 2988 affecerat,
1107 2926 1169 2975 ut
1197 2920 1451 2976 cruribus
1480 2925 1797 2993 contractis,
1829 2933 1883 2980 et
1911 2925 2142 2998 pedibus

546 3015 693 3067 retro
713 3007 983 3078 distortis,
1010 3007 1324 3065 universam
1348 3008 1593 3068 incessus
1616 3011 1664 3067 ei
1688 3012 1907 3084 penitus
1925 3012 2140 3085 abjura-

542 3094 688 3156 verit
728 3097 1065 3156 facultatem.
1105 3098 1233 3156 Haec
1268 3098 1592 3172 aliquandiu
1638 3099 1786 3158 intra
1835 3102 2137 3167 oratorium
2168 3133 2213 3195 α

540 3196 896 3259 commorata,
927 3205 1053 3268 cum
1079 3204 1137 3245 se
1166 3189 1406 3247 orationi
1438 3192 1821 3265 expromptius
1849 3194 2144 3268 implicas-

541 3286 643 3348 set,
674 3277 752 3335 ita
793 3266 1087 3351 derepente
1130 3278 1520 3351 juncturarum
1569 3297 1633 3338 ac
1680 3266 1980 3340 nervorum
2026 3285 2145 3358 ejus

544 3382 833 3444 compages
860 3366 1242 3438 dissiluerunt,
1260 3375 1323 3425 ut
1347 3369 1689 3427 confractum
1717 3372 1928 3445 aliquid
1948 3373 2007 3430 in
2031 3375 2142 3432 fru-

545 3463 631 3513 sta
653 3454 877 3513 cessisse
919 3464 1172 3529 putares;
1223 3457 1343 3531 ipsa
1384 3470 1601 3533 quoque
1630 3461 1993 3520 articulorum
2025 3481 2146 3521 ossa

546 3544 837 3609 transcorii
881 3545 1210 3604 densitatem
1256 3547 1392 3604 adeo
1423 3548 1697 3606 violenter
1725 3567 1851 3607 cum
1881 3554 2144 3625 sanguine

546 3642 939 3707 proruperunt,
964 3652 1028 3693 ac
1047 3635 1090 3691 si
1109 3634 1345 3691 admotis
1372 3636 1604 3694 totidem
1632 3638 1859 3711 spiculis
1889 3641 2143 3699 miseram

546 3728 730 3779 cutem
752 3738 1002 3780 cerneres
1032 3724 1298 3796 perforari
1332 3742 1344 3781 :
1377 3741 1439 3783 ac
1468 3733 1583 3782 tum
1616 3727 1836 3800 quidem
1874 3730 2146 3789 exanimis

547 3826 685 3886 pene
713 3811 876 3882 facta,
908 3814 1072 3887 paulo
1101 3821 1223 3887 post
1253 3815 1487 3886 receptis
1516 3816 1732 3883 ofﬁciis,
1765 3816 1874 3876 huc
1901 3818 2145 3895 illucque

547 3900 925 3970 deambulans,
958 3903 1152 3974 ingens
1180 3903 1340 3972 longe
1363 3902 1573 3975 lateque
1602 3905 1937 3976 praeconium
1968 3909 2145 3967 mira-

551 3987 677 4043 culo
697 3987 993 4050 dedicavit,
1014 3989 1165 4046 Exin
1196 3989 1347 4046 locus
1367 3989 1462 4046 ille
1483 3998 1536 4047 et
1563 3992 1866 4054 virtutibus
1888 3998 2143 4073 frequens

549 4081 606 4130 et
651 4076 1018 4167 conventibus
1051 4078 1286 4167 celeber,
1317 4079 1608 4152 specialem
1653 4084 1797 4158 apud
1839 4103 1897 4144 se
1927 4105 2143 4167 quoque

549 4163 914 4221 reverentiam
944 4164 1140 4221 divino
1167 4166 1345 4225 cultui
1372 4167 1702 4230 vindicavit.

621 4270 708 4328 71.
734 4269 1118 4329 Morvennicos
1147 4273 1318 4331 saltus
1337 4284 1358 4312 ε
1386 4274 1705 4348 hujusmodi
1740 4283 1997 4342 oratoriis
2025 4303 2141 4345 esse

549 4358 779 4417 refertos
797 4361 1028 4432 nemini,
1053 4362 1160 4419 nisi
1184 4363 1430 4422 locorum
1447 4365 1996 4442 inscio,incognitum
2018 4386 2100 4434 est
2121 4397 2135 4447 ;

2253 1844 2404 1893 sante
2421 1836 2710 1909 diligentia
2729 1835 3041 1905 hominum,
3061 1851 3173 1892 non
3192 1837 3379 1893 abesse
3401 1836 3522 1893 loco
3538 1837 3851 1893 custodiam

2251 1928 2589 1999 angelorum.
2612 1927 2723 1984 Nec
2743 1944 2873 1983 vero
2894 1927 3295 2001 aspernandum
3321 1934 3424 1997 est,
3446 1928 3496 1984 si
3518 1928 3733 2001 magnis
3750 1926 3851 1983 Dei

2250 2015 2533 2072 beneﬁciis
2561 2016 2728 2072 etiam
2777 2016 3011 2072 minima
3055 2016 3406 2073 inserantur:
3451 2023 3598 2072 tanta
3640 2015 3849 2072 etenim

2250 2104 2575 2163 auctoritate
2617 2103 2811 2163 beatus
2848 2106 3153 2163 Germanus
3184 2122 3270 2162 res
3300 2106 3370 2163 ad
3412 2123 3470 2163 se
3517 2105 3852 2179 pertinentes

2252 2194 2415 2251 etiam
2447 2211 2478 2251 a
2518 2194 2713 2252 bestiis
2739 2194 3012 2269 protegit;
3054 2203 3138 2264 ut,
3166 2196 3211 2251 si
3246 2195 3389 2251 forte
3434 2196 3632 2268 vulpes
3681 2194 3766 2267 (ut
3796 2213 3849 2252 se

2253 2283 2456 2341 habent
2472 2283 2770 2357 silvestria)
2792 2284 3050 2357 gallinam
3074 2285 3374 2344 sacerdotis
3393 2284 3688 2355 invaserit,
3704 2276 3849 2359 rapto

2252 2373 2417 2447 potiri
2448 2375 2604 2430 nulla
2623 2374 2835 2433 ratione
2854 2374 3069 2431 sinatur
3092 2394 3105 2443 ;
3138 2376 3272 2448 quin
3296 2375 3481 2448 potius
3506 2375 3633 2432 loco
3653 2375 3847 2443 deﬁxa,

2251 2481 2352 2522 nec
2370 2463 2617 2538 fugiendi
2640 2466 2873 2539 copiam,
2895 2483 2995 2523 nec
3009 2464 3244 2523 laedendi
3265 2465 3463 2522 haheat
3494 2465 3811 2522 facultatem
3834 2483 3847 2533 ;

2252 2554 2426 2611 donec
2466 2562 2800 2628 superventu
2840 2554 3131 2610 hominum
3178 2571 3306 2611 cum
3354 2553 3614 2628 praedone
3652 2553 3851 2627 pariter

2252 2644 2434 2717 praeda
2464 2644 2731 2717 capiatur.
2766 2644 2896 2719 Agit
2924 2644 3031 2701 hoc
3056 2645 3348 2718 dignanter
3369 2646 3427 2701 in
3451 2644 3730 2712 minimis,
3765 2643 3849 2717 qui

2255 2734 2494 2790 maxima
2514 2750 2741 2808 quaeque
2763 2742 3014 2808 potenter
3033 2744 3290 2807 operatur
3312 2735 3368 2790 in
3395 2733 3632 2806 magnis,
3652 2733 3849 2808 quique

2252 2823 2579 2880 universalis
2595 2831 2803 2880 natura:
2824 2831 2877 2880 et
2894 2823 3149 2880 conditor
3165 2833 3218 2881 et
3241 2823 3575 2892 moderator,
3595 2839 3664 2878 ne
3682 2836 3849 2877 unum

2252 2912 2470 2985 quidem
2503 2929 2775 2986 passerem
2804 2929 2955 2969 casso
2984 2913 3164 2986 perire
3195 2911 3488 2986 permittit.

2851 3035 3079 3094 CAPUT
3120 3008 3241 3094 v11.

2250 3132 2519 3191 .lfiracula
2555 3131 2702 3205 facta
2733 3133 2877 3206 apud
2906 3132 3191 3189 coenobium
3218 3134 3276 3191 S.
3319 3132 3576 3190 Germani
3605 3132 3850 3204 Monfal-

2937 3222 3166 3262 conense.

2229 3349 2238 3356 _
2326 3293 2412 3349 73.
2446 3292 2699 3350 Falconis
2743 3302 2986 3352 montem
3008 3300 3030 3335 ἀ
3068 3313 3139 3354 ex
3175 3296 3406 3371 antiquo
3435 3305 3699 3354 vocatum
3746 3312 3848 3353 non

2247 3383 2371 3457 jure
2401 3387 2779 3459 praeterierim,
2802 3404 2869 3444 ne
2892 3390 3074 3446 locum
3105 3389 3348 3447 nobilem
3400 3392 3850 3466 frequentemque

2253 3476 2576 3546 virtutibus,
2609 3487 2719 3534 tam
2751 3481 3107 3554 negligenter,
3142 3496 3306 3554 quam
3355 3481 3626 3538 obliviose
3662 3481 3849 3538 videar

2253 3566 2634 3639 suppressisse.
2667 3568 2728 3625 Id
2753 3569 3071 3626 cmnobium
3098 3569 3407 3627 beatissimi
3433 3572 3692 3628 Germani
3720 3588 3847 3645 pra-

2253 3656 2459 3713 celsum
2480 3658 2715 3725 meritis,
2742 3667 2805 3715 ut
2834 3658 3143 3716 illustratur
3180 3660 3426 3730 nomine,
3451 3661 3529 3716 ita
3547 3662 3844 3718 virtutibus

2252 3754 2589 3816 exornatur;
2621 3748 2886 3806 multaibi
2903 3750 3186 3823 signorum
3218 3751 3411 3823 gloria,
3445 3753 3627 3809 multa
3646 3763 3844 3810 morta-

2254 3835 2429 3894 libuse
2447 3836 2586 3894 caelo
2598 3839 2957 3896 conferuntur
2977 3839 3273 3909 beneﬁcia;
3299 3840 3375 3897 ibi
3403 3840 3589 3898 visum
3610 3843 3843 3912 caecitas,

2251 3923 2506 3982 debilitas
2552 3929 2973 4001 reparationem,
3007 3930 3258 3987 auditum
3305 3931 3508 3989 surdus
3538 3932 3849 4006 frequenter

2250 4018 2503 4089 emeruit,
2520 4019 2797 4092 frigoricis
2817 4037 2980 4095 quam
2996 4022 3169 4079 multa
3188 4023 3573 4096 eximproviso
3603 4032 3849 4098 percepta

2250 4108 2527 4179 remedia;
2581 4109 2669 4165 his
2694 4126 2856 4183 quam
2900 4109 3159 4180 maxime,
3193 4113 3287 4185 qui
3318 4123 3590 4185 quartano
3620 4113 3847 4171 decum-

2236 4197 2440 4255 bentes
2498 4198 2872 4270 incommodo,
2910 4201 3124 4258 acriora
3167 4201 3406 4259 febrium
3444 4203 3848 4261 concitamenta

2248 4304 2482 4345 sensere.
2519 4288 2665 4346 Illud
2685 4305 2797 4346 non
2828 4290 3191 4360 reticendum,
3216 4301 3424 4365 quanta
3442 4292 3500 4350 in
3533 4309 3848 4367 pervasores

2249 4376 2357 4433 loci
2377 4376 2624 4434 vindicta
2648 4378 2945 4448 desaeviat;
2979 4380 3178 4455 quibus
3199 4381 3255 4436 in
3279 4382 3403 4440 loco
3422 4389 3627 4440 temere
3665 4400 3847 4457 perpe-

547 4449 752 4523 quippe
780 4459 1145 4554 quancon-stat
1173 4453 1309 4512 adeo
1337 4471 1453 4512 esse
1481 4457 1708 4554 famosa,
1732 4470 1795 4518 ut
1818 4473 2017 4523 cuncta
2047 4466 2136 4525 iti-
2168 4495 2217 4554 ι)
2246 4472 2416 4523 trasse
2458 4468 2690 4541 aliquid,
2725 4476 2958 4526 mortem
2992 4449 3116 4527 vsibi
3160 4472 3496 4530 conscivisse
3541 4449 3691 4530 fuit}
3725 4449 3845 4532 nam

547 4553 741 4595 norum
786 4540 1131 4613 ambiguitas,
1164 4558 1285 4615 quae
1320 4560 1416 4617 per
1454 4545 1729 4606 silvestria
1764 4560 1941 4623 potest
1983 4555 2135 4614 inci-

546 4624 695 4696 dere,
720 4625 918 4684 horum
947 4629 1174 4687 notione
1198 4631 1467 4704 locorum,
1490 4637 1647 4707 quasi
1666 4638 1901 4710 quodam
1923 4642 2138 4715 lapideo

546 4715 831 4785 milliario,
854 4717 1179 4776 declaretur.
1198 4721 1278 4778 Ita
1305 4722 1608 4782 Germanus
1622 4726 1971 4788 beatissimus
1990 4732 2138 4791 felici

543 4803 852 4875 patrocinio
901 4807 1215 4882 praevioque
1257 4811 1460 4871 ducatu
1503 4814 1703 4873 itinera
1757 4817 1968 4892 dirigit,
2024 4821 2142 4880 vias

545 4894 851 4968 componit,
875 4896 1252 4969 gradientibus
1291 4901 1570 4975 subvenit,
1602 4923 1707 4964 nec
1746 4909 1924 4966 solum
1957 4928 2140 4969 errore

615 5038 815 5124 I{Nota
867 5040 999 5124 satis
1052 5041 1175 5124 haec
1223 5044 1503 5124 tegritoria
1545 5050 2110 5124 _sunthajocasinum

528 5110 713 5199 vulgo
874 5112 1117 5199 Bayeug,
1156 5115 1217 5198 in
1257 5102 2133 5199 normal]pia‘f'caiaﬁiiﬁiéﬁﬁij

541 5182 1030 5259 Normannize,_uti
1049 5185 1191 5259 dixi,
1220 5187 1537 5259 adhaerens;
1569 5182 1653 5249 uti
1682 5201 1736 5251 et
1766 5182 2136 5257 Cenomanicd

540 5252 785 5331 δάμῳ-οι
811 5252 1214 5331 Andegavium,
1241 5260 1408 5331 vulgo
1439 5252 1643 5331 Anjou.

613 5325 648 5406 δ’
666 5326 748 5409 Ita
793 5344 923 5384 mss.
1101 5338 1284 5386 autem
1321 5325 1500 5388 astuta
1521 5325 1639 5392 vox
1660 5337 1805 5409 apud
1834 5340 2003 5398 medii
2029 5344 2133 5399 aevi

544 5394 837 5522 gggtores
882 5399 1086 5457 usitata
1136 5416 1236 5474 pro
1278 5412 1595 5475 segmento;
1644 5394 2131 5485 videapud—Gan:

546 5478 719 5534 gnum.
1849 5478 1868 5485 ⁷

546 5543 653 5627 h:
667 5537 1101 5627 qogennicum,
1128 5559 1225 5627 seu
1244 5546 1599 5627 Morvinnum
1627 5554 2131 5627 pagumgregiuncu-

543 5599 655 5659 iam
688 5606 820 5665 facit
846 5613 1006 5669 valde
1035 5599 2130 5686 mbhidsth'éiﬁivﬁsi'ﬁa'ih'mié’éﬁi‘n

2249 4557 2291 4614 si
2322 4558 2447 4630 quis
2476 4558 2619 4615 inibi
2652 4565 2748 4614 aut
2775 4560 3053 4616 dominari
3073 4576 3171 4633 per
3189 4562 3564 4633 tyrannidem,
3601 4573 3701 4620 aut
3726 4580 3847 4621 cum

2252 4647 2491 4704 coenobii
2519 4648 2731 4704 familia
2748 4648 2950 4707 saevius
2976 4666 3153 4722 agere,
3182 4659 3278 4708 aut
3292 4669 3477 4709 rerum
3505 4654 3849 4711 ecclesiasti—

2251 4753 2439 4794 carum
2470 4755 2731 4811 pervasor
2757 4756 2873 4797 esse
2899 4742 3213 4810 tentaverit,
3247 4740 3380 4799 huic
3406 4744 3600 4799 nonin
3626 4745 3848 4818 longum

2250 4827 2504 4884 diﬁ‘ertur
2532 4829 2709 4897 ultio;
2741 4845 2932 4886 verum
2963 4847 3128 4904 quam
3159 4831 3431 4890 citissimo
3473 4841 3728 4906 raptatus
3757 4836 3850 4890 in—

2248 4918 2436 4988 teritu,
2458 4920 2733 4993 sacrilegae
2753 4923 3107 4980 temeritatise
3134 4925 3368 4997 vestigio
3411 4940 3600 4998 prunas
3637 4926 3765 4984 luit.
3791 4928 3847 4983 Id

2246 5061 2453 5142 Notitia
2482 5062 2804 5142 Galliarum,
2834 5074 2903 5142 et_
2922 5066 3117 5142 partim
3139 5066 3331 5142 inquit
3350 5068 3673 5142 Nigernensi
3690 5087 3845 5142 pago,

2240 5135 2445 5220 partim
2463 5135 2695 5220 dominio
2724 5137 2904 5220 (rastri
2924 5135 3101 5220 Cantia
3126 5135 3709 5220 (Gh'ateau-Cbinon),
3720 5135 3847 5214 per;

2246 5207 2336 5260 tim
2366 5207 2525 5261 etiam
2563 5208 2892 5279 Burgundite
2922 5207 3256 5268 attribuitur.

2314 5284 2337 5358 ᾳ
2362 5278 2612 5358 full-qam}
2661 5278 2830 5358 τροηε,
2873 5282 3053 5358 vulgo_
3089 5282 3527 5358 Mani-Paucae,
3579 5283 3844 5358 oppidum

2243 5355 2325 5430 est
2355 5347 2546 5430 Gallia;
2572 5348 2633 5430 i_n
2669 5347 2998 5430 Campania:
3020 5354 3098 5409 De
3119 5354 3454 5430 monasterio
3476 5347 3841 5430 vero-ibidem

2242 5419 2443 5498 celebri
2476 5422 2532 5498 ες.
2562 5419 3236 5498 Germani—dictumestin
3264 5423 3684 5498 Commentario
3712 5443 3844 5498 pra:-

2242 5490 2335 5569 vio
2364 5490 2431 5546 ad
2457 5491 2680 5569 _Acta_S_.
2721 5494 3241 5569 Wandregisilidie
3270 5497 3340 5569 22
3369 5497 3503 5554 Julii
3542 5490 3803 5569 Bolland.
3828 5515 3843 5563 ;

2241 5562 2690 5640 ejnshprimordia.
2712 5562 2989 5640 describit
3002 5566 3353 5640 Frodoardus
3378 5567 3642 5628 Historia
3673 5562 3845 5627 eccleé

2239 5633 2335 5688 size
2364 5633 2685 5693 Rhemensis
2711 5636 2810 5709 lib,
2844 5653 2920 5707 1v,
2943 5652 3062 5712 cap.
3095 5637 3185 5698 39.
