4074 6186
258 287 394 349 1241

1230 285 1328 343 DE
1365 282 1742 343 MIBACULIS
1779 284 1835 343 S.
1879 283 2221 343 GERMANI.
2269 315 2340 329 —
2378 284 2511 343 LIB.
2553 285 2598 343 Ι.

3430 289 3567 350 1242

256 440 403 517 apud
429 445 658 498 cunctos
678 435 786 494 loci
811 434 1020 494 incolas
1038 433 1428 506 certissimum,
1448 444 1845 510 expertumque
1879 437 1931 499 A
1956 441 2083 493 cant
2107 453 2120 492 :
2145 451 2265 509 quae
2279 452 2362 494 res
2378 437 2648 495 saevitiam
2659 437 2905 495 hominis
2922 453 3035 494 non
3048 436 3228 495 solum
3252 454 3363 496 non
3381 439 3566 511 leniit,

257 537 376 597 est;
429 534 484 584 et
517 534 779 601 tanquam
823 525 1072 582 naturale
1108 530 1359 581 versatur
1406 524 1466 580 in
1504 541 1599 580 ore
1636 539 1856 597 prover-
1902 526 1913 531 “

254 618 431 687 binm,
459 633 607 685 eum,
641 614 736 689 qui
766 621 956 672 sancto
986 630 1097 671 non
1128 610 1379 670 timuerit
1427 613 1707 670 violentus
1744 629 1859 671 esse

259 707 555 777 Germano,
595 713 692 762 aut
728 703 981 762 trucibus
1024 705 1283 778 luporum
1320 702 1579 760 dentibus
1625 701 1858 772 conteri,

257 803 353 853 aut
384 796 550 852 Mosae
591 793 841 850 ﬂuminis
870 793 1062 867 rapido
1104 792 1316 866 gurgite
1356 788 1738 850 incunctanter
1771 791 1860 848 ab-

257 882 423 941 sumi.
440 882 553 939 Hac
567 880 704 954 justi
724 881 935 940 Iudicis
955 881 1364 954 dispensatione
1386 880 1648 950 mirabili,
1673 889 1727 937 et
1756 879 1862 954 piis

258 971 319 1028 in
348 977 600 1027 sanctum
620 970 847 1027 Domini
878 969 1082 1026 amoris
1109 969 1347 1039 affectio,
1369 977 1424 1026 et
1454 969 1721 1043 improbis
1742 969 1860 1044 qui-

258 1062 469 1135 busque
500 1062 559 1117 in
587 1060 897 1119 resecandis
926 1060 1150 1118 ausibus
1189 1060 1402 1119 timorii
1444 1061 1717 1135 ingeritur
1736 1072 1862 1118 ma-

259 1151 509 1225 gnitudo.
534 1149 780 1206 Audiant
809 1151 943 1207 talia
970 1151 1158 1208 saeculi
1182 1157 1506 1224 potestates;
1538 1150 1862 1224 discantque

259 1243 525 1300 damnum
572 1238 816 1296 ecclesiis
853 1255 967 1295 non
1010 1238 1381 1309 inferendum,
1414 1238 1647 1296 scientes
1675 1239 1860 1297 certis-

261 1324 398 1382 sime
424 1326 599 1382 Deum
630 1325 689 1381 in
718 1341 945 1383 suorum
990 1324 1217 1399 injuriis
1265 1323 1546 1382 vindicem
1589 1340 1705 1382 esse
1740 1338 1865 1381 ser-

261 1430 461 1473 vornm
470 1460 483 1473 .

338 1504 425 1563 74.
456 1493 692 1575 Quidam
723 1514 983 1581 praeterea
1011 1509 1103 1564 fur
1135 1507 1488 1565 ecclesiarum
1521 1506 1866 1565 eﬂ‘ractioni-

261 1593 364 1650 bus
378 1604 649 1667 assuetus,
667 1597 950 1670 praefatam
970 1597 1115 1655 beati
1136 1596 1315 1654 Patris
1333 1596 1640 1663 basilicam,
1656 1596 1867 1653 fraudis

259 1684 671 1757 opportunitate
711 1693 947 1760 captata,
975 1686 1316 1755 subintrans,
1357 1703 1618 1745 coronam
1664 1702 1868 1759 argen-

1967 544 2158 583 verum
2203 527 2451 585 acerbius
2488 529 2828 602 provocavit.
2873 528 3121 603 Cumque
3152 528 3267 600 jam
3301 530 3563 590 miserum

1968 616 2036 673 ad
2066 616 2336 690 supplicia
2368 618 2612 677 violenta
2642 626 2940 692 raptarent,
2970 618 3114 675 beati
3145 618 3405 675 Germani
3433 638 3569 693 pras-

1968 706 2171 764 sidium
2204 707 2388 764 anxiis
2416 708 2584 780 coepit
2613 708 2845 764 vocibus
2876 707 3193 765 inclamare.
3230 707 3409 764 Judex
3440 709 3570 767 felle

1970 806 2248 857 commoto
2275 815 2286 855 :
2329 795 2448 854 Etsi
2477 803 2719 865 sanctus,
2752 796 2850 864 ait,
2876 797 3179 853 Germanus
3199 795 3302 854 hac
3323 797 3425 854 tibi
3450 797 3571 855 vice

1971 900 2103 943 mox
2131 885 2470 954 subvenerit,
2502 884 2636 959 quid
2658 884 2869 957 possint
2898 884 3126 940 verbera
3154 893 3251 940 tuo
3282 886 3455 959 ipsius
3475 903 3567 944 ex-

1971 976 2179 1051 periere
2208 975 2503 1050 supplicio.
2542 975 2655 1033 Vix
2689 975 2794 1031 ista
2829 973 3233 1045 compleverat;
3275 984 3329 1030 et
3362 976 3417 1031 in
3450 993 3567 1049 par-

1971 1072 2081 1122 tem
2112 1081 2433 1131 conversus,
2464 1062 2785 1137 gravissime
2826 1061 3058 1130 corruit,
3092 1077 3155 1117 ac
3205 1064 3568 1124 temeritatem

1972 1156 2268 1215 verborum
2298 1153 2625 1229 crurifragio
2662 1152 3061 1226 compensavit.
3103 1152 3188 1207 Ita
3223 1151 3414 1208 beatus
3443 1152 3571 1207 Ger-

1975 1263 2167 1304 manus
2188 1263 2244 1304 se
2273 1247 2440 1305 fuisse
2464 1243 2955 1320 prmsentissimum
2984 1242 3321 1311 declaravit;
3366 1242 3496 1301 dum
3519 1252 3573 1301 et

1976 1337 2236 1394 miserum
2258 1336 2605 1394 absolutione
2625 1333 2876 1406 donavit,
2901 1342 2953 1391 et
2973 1340 3355 1393 contumacem
3378 1335 3574 1391 merita

1973 1428 2306 1486 contritione
2351 1425 2686 1501 perdomuit.
2738 1425 2983 1500 Cumque
3025 1441 3140 1481 rem
3190 1430 3395 1497 gestam
3428 1427 3574 1483 celer

1975 1515 2179 1589 ubique
2212 1517 2356 1574 fama
2386 1517 2738 1591 dispergeret,
2774 1524 3025 1572 matrona
3055 1514 3305 1588 quaedam
3341 1531 3410 1570 ex
3446 1515 3572 1571 illn-

1976 1605 2199 1676 stribus,
2241 1604 2560 1680 hujusmodi
2600 1604 2822 1678 negotio
2855 1604 3119 1661 relatione
3167 1611 3471 1678 comperto,
3516 1604 3573 1662 in

1978 1700 2249 1753 tumorem
2281 1697 2549 1771 erigitur;
2585 1713 2649 1754 ac
2688 1694 2953 1752 frivolum
2995 1693 3244 1751 animum
3275 1694 3574 1752 incendens

260 1777 407 1829 team
435 1781 561 1830 ante
578 1775 750 1868 altare
778 1776 1108 1850 pendentem
1138 1774 1376 1833 demisso
1405 1776 1539 1868 fune
1571 1776 1863 1868 deposuit;
1897 1806 1943 1868 Β
1977 1784 2199 1841 levitate
2228 1785 2543 1854 verborum,
2569 1785 2628 1842 in
2654 1783 2973 1857 hujusmodi
2995 1785 3272 1859 querelam
3304 1782 3529 1840 effertur
3556 1800 3568 1838 :

261 1878 428 1937 quam
456 1874 519 1922 nt
542 1867 789 1940 profanis
808 1868 1064 1926 manibus
1091 1867 1532 1943 comprehendit,
1555 1868 1635 1925 ita
1660 1866 1867 1924 divini-

264 1964 357 2014 tus
391 1959 510 2016 loco
538 1959 754 2017 deﬁxus
801 1969 903 2031 est,
931 1969 994 2018 ut
1024 1976 1125 2018 nec
1172 1960 1367 2035 pedem
1412 1959 1736 2030 subducere,
1768 1973 1871 2015 nec

259 2062 457 2104 manus
484 2050 806 2107 temerarias
832 2049 901 2107 ad
928 2067 986 2107 se
1017 2056 1200 2124 posset
1225 2050 1341 2108 ullo
1375 2049 1541 2108 modo
1573 2066 1866 2121 revocare;

255 2135 438 2193 donec
485 2139 628 2194 sacri
665 2138 775 2194 loci
805 2147 1081 2195 remeante
1129 2141 1377 2207 custode,
1409 2139 1708 2211 sacrilegus
1742 2157 1869 2197 cum

255 2224 413 2281 furto
445 2226 654 2297 pariter
678 2233 980 2282 teneretur.
1005 2226 1305 2283 Castellum
1335 2227 1612 2299 quoddam
1639 2226 1871 2283 Adriani

255 2313 474 2371 dicitur
500 2313 569 2370 ad
598 2313 901 2387 supradicti
930 2315 1168 2373 coenobii
1207 2316 1491 2389 pertinens
1520 2324 1868 2390 potestatem.

257 2402 327 2461 Id
356 2402 527 2460 arduo
553 2403 665 2461 situ
685 2405 742 2460 in
764 2406 1027 2478 praerupti
1048 2404 1254 2461 montis
1274 2405 1496 2479 fastigio
1516 2405 1871 2474 collocatum,

259 2492 412 2549 beati
456 2492 829 2551 nihilominus
878 2495 1137 2553 Germani
1182 2494 1467 2553 ecclesiam
1511 2494 1750 2567 praefert,
1783 2496 1874 2554 cui

260 2583 523 2655 frequens
543 2583 818 2641 virtutum
839 2585 999 2658 copia
1012 2593 1067 2641 et
1089 2585 1412 2642 reverentiae
1433 2592 1487 2641 et
1508 2584 1735 2642 honoris
1754 2588 1874 2659 plu-

260 2672 471 2731 rimum
500 2675 814 2748 acquisivit.
834 2676 1020 2734 Caecus
1040 2675 1212 2748 igitur
1229 2675 1456 2750 quidam
1476 2691 1538 2731 ea
1556 2676 1621 2731 in
1652 2675 1875 2749 regione

262 2764 612 2835 notissimus,
643 2767 923 2839 profectus
947 2783 977 2823 a
1006 2766 1162 2836 villa,
1195 2767 1286 2825 cui
1313 2766 1381 2824 ad
1407 2767 1615 2824 Leones
1642 2767 1874 2825 vocabu-

265 2855 386 2911 lum
414 2863 517 2925 est,
539 2872 815 2930 quamque
833 2856 901 2913 ad
922 2856 1134 2914 radices
1161 2856 1407 2929 ejusdem
1438 2856 1644 2914 montis
1673 2856 1881 2914 locavit

265 2944 588 3017 antiquitas,
603 2961 697 3020 spe
714 2946 1073 3020 recuperandi
1091 2946 1320 3002 luminis
1339 2962 1434 3019 per
1456 2962 1705 3003 convexa
1725 2946 1877 3019 rupis

268 3032 342 3089 ad
372 3034 654 3107 praefatam
680 3034 965 3092 basilicam
997 3035 1360 3109 properabat;
1392 3036 1487 3092 sed
1518 3052 1642 3092 cum
1674 3051 1875 3093 ascen-

265 3138 363 3178 sus
378 3121 700 3180 difﬁcultate
721 3133 997 3198 gravatus,
1015 3126 1220 3182 montis
1241 3124 1595 3182 altitudinem
1619 3140 1877 3197 superare

267 3215 383 3267 non
416 3221 617 3284 posset,
645 3213 1027 3272 imbecillitate
1072 3216 1278 3289 pariter
1319 3222 1372 3271 et
1419 3214 1604 3271 labore
1652 3213 1873 3271 decum-
1912 3204 1954 3228 υ

267 3303 425 3375 bens,
455 3306 626 3364 fessos
671 3318 821 3366 artus
865 3309 1052 3382 sopori
1092 3307 1363 3381 permisit.
1398 3307 1714 3363 Dormienti
1756 3298 1878 3364 cle-

271 3394 650 3453 mentissimus
679 3398 984 3455 Germanus
1024 3397 1226 3463 adfuit,
1258 3393 1573 3466 blandaque
1614 3394 1876 3452 miserum

271 3482 473 3556 pietate
515 3483 855 3551 demulcens,
902 3492 966 3538 ut
1012 3484 1187 3538 labori
1235 3489 1482 3554 parceret
1525 3481 1726 3553 jussit;
1759 3492 1879 3540 tum

273 3574 479 3630 veteris
505 3575 677 3645 spinae
700 3582 961 3628 truncum
992 3570 1049 3625 in
1073 3578 1225 3642 parte
1250 3570 1458 3626 montis
1480 3572 1795 3643 ostendens,
1820 3585 1882 3632 ut

274 3667 475 3723 baculo
520 3673 721 3721 terram
770 3664 1006 3735 foderet,
1045 3681 1108 3722 ac
1153 3665 1219 3722 de
1248 3665 1399 3722 unda
1427 3670 1724 3739 mergentis
1756 3671 1874 3743 [al,,

279 3752 631 3828 emergentis]
655 3753 836 3813 laticis
855 3755 1044 3812 oculos
1061 3754 1326 3824 ablueret,
1348 3753 1658 3826 imperavit.
1684 3759 1879 3834 Sopori

279 3842 600 3913 subductus,
633 3843 771 3902 duce
803 3862 996 3919 puero,
1028 3846 1212 3903 locum
1255 3845 1464 3918 expetit
1490 3864 1505 3914 ;
1543 3854 1743 3905 terram
1773 3850 1880 3906 ba-

278 3935 406 3991 culo
453 3934 697 4007 subigit;
728 3942 990 3993 eventum
1036 3935 1293 3993 miraculi
1340 3936 1704 4008 praestolatur.
1735 3941 1881 3996 Fons

279 4024 620 4097 largissimus
646 4026 862 4095 exsilit;
892 4042 956 4082 eo
975 4027 1166 4084 oculos
1183 4027 1334 4082 fovet
1355 4025 1715 4099 aliquandiu;
1751 4045 1882 4084 mox

281 4116 508 4173 decussa
537 4118 789 4191 caligine,
821 4133 969 4174 novo
995 4117 1201 4174 fruitur
1226 4116 1337 4174 die.
1372 4117 1534 4176 Votis
1560 4116 1883 4189 urgentibus

282 4207 488 4263 montis
516 4208 777 4265 verticem
799 4208 1041 4278 scandit;
1068 4208 1399 4265 miraculum
1432 4208 1708 4281 publicat;
1732 4224 1884 4280 repa-

283 4296 453 4352 ratori
481 4314 580 4353 suo
613 4298 983 4357 multiformes
1019 4308 1195 4373 grates
1240 4298 1573 4355 accumulat.
1606 4299 1750 4354 Fons
1788 4298 1883 4355 ille

283 4388 651 4446 remediorum
684 4390 1133 4456 fecundissimus,
1165 4406 1193 4446 e
1236 4389 1464 4445 remotis
1501 4404 1719 4462 quoque
1750 4388 1884 4447 locis

283 4494 317 4533 a
344 4478 599 4552 pluribus
638 4480 1036 4553 frequentatus,
1070 4485 1124 4534 et
1155 4478 1374 4535 lavacro
1405 4478 1631 4549 relevat,
1666 4486 1719 4535 et
1753 4488 1883 4551 potu

279 4568 571 4642 jncundaL

361 4659 448 4715 75.
476 4658 733 4731 Ejusdem
766 4658 873 4718 loci
895 4658 1305 4718 vice-dominus
1325 4661 1557 4734 quadam
1589 4661 1678 4717 die
1708 4663 1886 4720 discu-

286 4747 494 4805 tiendis
521 4748 755 4821 negotiis
788 4748 916 4806 data
944 4749 1210 4821 singulari
1249 4765 1430 4822 opera,
1464 4750 1884 4809 ecclesiasticam

288 4840 553 4899 familiam
575 4838 781 4911 iniquis
798 4838 1046 4910 imperiis
1061 4836 1425 4909 opprimebat.
1444 4838 1888 4897 Reclamantibus

288 4930 524 4998 cunctis,
557 4936 611 4984 et
637 4937 881 5002 apertam
913 4926 1238 4984 violentiam
1259 4928 1604 4985 tumultuosa
1622 4930 1887 4989 vocifera-

287 5021 441 5076 tione
486 5020 836 5090 testantibus,
866 5035 1040 5075 nnnm
1094 5035 1306 5087 eorum,
1337 5019 1430 5091 qui
1476 5018 1622 5076 inter
1667 5030 1890 5078 caeteros

290 5110 583 5167 honoratio
616 5110 924 5178 videbatur,
961 5109 1189 5180 ligatum
1221 5107 1417 5179 stipiti,
1452 5107 1623 5181 virgis
1652 5111 1890 5166 multan-

288 5201 424 5258 dum
453 5200 729 5272 prazcepit.
752 5199 864 5257 Hac
890 5214 1081 5255 omnes
1110 5196 1432 5255 crudelitate
1461 5198 1717 5270 permoti,
1742 5199 1889 5272 pedi-

288 5290 394 5347 bus
440 5290 866 5363 provolvuntur,
909 5296 1073 5362 atque
1115 5294 1177 5343 ut
1217 5286 1495 5344 facultatis
1542 5288 1890 5360 oppositione

291 5380 678 5455 indignitatem
709 5381 996 5438 verberum
1031 5387 1361 5450 removeret,
1393 5378 1657 5435 obnixius
1685 5377 1889 5451 suppli-

362 5546 385 5572 ο
416 5534 502 5590 Ad
530 5533 1069 5591 Montem-Falconis
1113 5533 1390 5593 videlicet.

365 5614 387 5641 °
415 5606 518 5678 Hic
544 5607 689 5678 apud
721 5607 997 5678 Labbeum
1029 5606 1279 5678 sequitur
1324 5605 1566 5678 narratio
1613 5603 1692 5678 de
1719 5604 1891 5661 asello

294 5675 639 5737 resuscitato.
673 5694 834 5751 quam
865 5677 1010 5735 infra
1039 5675 1293 5734 dabimus
1340 5677 1399 5734 in
1444 5676 1761 5752 Appendice
1790 5693 1887 5735 se-

1977 1874 2121 1944 Non,
2153 1874 2353 1950 inquit,
2399 1878 2657 1934 decuerat
2701 1882 2953 1933 sanctum
3003 1874 3339 1932 Germanum
3370 1874 3429 1929 in
3473 1873 3576 1930 hac

1979 1974 2130 2039 parte
2160 1967 2236 2022 ita
2263 1967 2481 2025 facilem
2525 1967 2823 2035 exstitisse,
2856 1973 2918 2022 ut
2965 1965 3249 2022 hominem
3292 1980 3390 2021 sua
3420 1980 3579 2037 quae-

1980 2066 2186 2114 rentem
2209 2066 2361 2115 tanta
2387 2059 2713 2116 crudelitate
2738 2058 3049 2114 conficeret.
3093 2055 3453 2128 Blasphemos
3474 2071 3580 2113 ser-

1982 2163 2169 2203 mones
2196 2147 2338 2203 ultio
2364 2146 2651 2219 repentina
2673 2145 2978 2218 corripuit;
3022 2161 3150 2201 nam
3173 2153 3236 2200 ut
3262 2145 3368 2201 ista
3393 2145 3582 2201 furens

1981 2234 2232 2306 protulit,
2265 2242 2319 2289 et
2346 2235 2405 2289 in
2435 2236 2604 2289 verbo
2632 2235 2865 2306 vestigia
2896 2235 3054 2289 torsit
3080 2253 3092 2301 ;
3133 2234 3210 2289 ita
3239 2233 3431 2305 pedem
3463 2233 3581 2306 ejus

1982 2321 2241 2377 dextrum
2285 2321 2485 2377 vindex
2538 2338 2697 2394 poena
2724 2320 3012 2388 contrivit,
3041 2329 3104 2377 ut
3144 2337 3280 2392 pene
3310 2321 3584 2377 exanimis

1983 2410 2311 2467 ancillarum
2342 2411 2596 2466 manibus
2628 2411 2685 2465 in
2706 2410 3028 2467 cubiculum
3057 2410 3370 2467 referretur.
3410 2411 3584 2482 Igitur

1985 2515 2105 2573 quae
2134 2501 2299 2572 paulo
2329 2507 2454 2556 ante
2488 2498 2554 2556 de
2586 2499 2817 2556 alterius
2847 2498 3172 2555 causabatur
3202 2498 3383 2556 incom
3398 2498 3580 2567 modo,

1979 2587 2092 2661 jam
2115 2605 2265 2646 nunc
2284 2588 2519 2663 propriae
2547 2588 2878 2646 calamitatis
2904 2588 3209 2645 remedium
3239 2588 3405 2644 anxia
3441 2605 3584 2661 quat.

1985 2677 2188 2734 ritabat
2211 2696 2225 2747 ;
2268 2693 2539 2750 quemque
2558 2676 2823 2749 injustam
2845 2675 2903 2732 in
2920 2675 3140 2749 superbi
3162 2674 3407 2731 hominis
3428 2673 3584 2747 puni-

1986 2768 2139 2824 tione
2165 2776 2472 2838 notaverat,
2499 2766 2710 2841 justum
2734 2766 2849 2839 jam
2884 2783 2980 2839 per
3009 2766 3198 2821 omnia
3220 2765 3277 2823 in
3306 2779 3461 2820 suam
3492 2778 3585 2835 po-

1985 2862 2099 2918 tius
2127 2861 2521 2920 contritionem
2552 2860 2884 2934 pradicabat
2919 2878 2930 2915 :
2963 2859 3159 2916 amicis
3187 2866 3240 2913 et
3270 2857 3586 2929 parentibus

1985 2952 2212 3009 adscitis
2241 2953 2523 3025 negotium
2554 2950 2879 3024 profitetur;
2922 2947 3094 3004 animi
3126 2947 3183 3002 in
3214 2963 3270 3004 se
3306 2946 3585 3004 levitatem

1986 3040 2234 3114 increpat
2258 3060 2271 3109 ;
2313 3041 2425 3097 oris
2447 3040 2768 3097 facilitatem
2792 3036 3043 3110 objurgat
3068 3056 3081 3105 ;
3119 3045 3171 3092 et
3192 3036 3337 3092 votis
3363 3037 3585 3093 tandem

1988 3140 2042 3190 et
2070 3131 2394 3187 muneribus
2423 3137 2668 3197 onerata,
2698 3125 2984 3182 ecclesiam
3015 3124 3263 3195 expetit;
3307 3125 3485 3180 scelus
3510 3124 3583 3179 la~

1988 3220 2195 3293 crymis
2223 3219 2447 3291 expiat;
2486 3235 2516 3272 a
2545 3214 2865 3271 beatissimo
2898 3214 3170 3271 Germano
3207 3213 3424 3268 veniam
3458 3229 3584 3269 eum

1988 3310 2218 3367 sanitate
2240 3306 2506 3381 reposcit;
2549 3321 2649 3362 nec
2680 3306 2855 3361 multo
2877 3301 3169 3374 interjectu
3192 3302 3457 3374 temporis
3482 3300 3580 3357 mi-

1990 3397 2318 3456 sericordem
2349 3396 2540 3465 sensit,
2574 3412 2736 3468 quem
2759 3393 2968 3451 dudum
2993 3393 3171 3449 fuerat
3191 3399 3417 3464 experta
3435 3407 3584 3447 seve-

1990 3505 2132 3544 rum.
2174 3486 2437 3559 Sospitati
2484 3484 2719 3550 reddita,
2772 3483 2829 3538 in
2868 3482 3095 3538 domum
3141 3496 3296 3537 suam
3326 3479 3585 3551 castigata

1991 3574 2230 3642 recessit,
2261 3572 2703 3646 parcendumque
2733 3569 3078 3627 sermonibus
3101 3566 3444 3624 immodestis
3472 3582 3585 3622 mo-

1990 3664 2172 3721 demas
2199 3663 2431 3719 ultionis
2459 3662 2714 3734 exemplo
2736 3660 3046 3735 perdocuit.

2063 3752 2147 3809 76.
2186 3750 2486 3809 Consimile
2531 3749 2793 3823 quiddam
2825 3747 2883 3804 in
2931 3747 3067 3803 villa
3106 3745 3586 3803 Altissiodorensis

1990 3839 2133 3913 pagi,
2164 3839 2254 3896 cui
2285 3836 2644 3894 Abundiacus
2665 3851 2867 3891 nomen
2895 3842 2995 3903 est,
3026 3842 3302 3908 patratum
3333 3833 3584 3889 memini-

1993 3950 2144 4001 mus;
2193 3932 2251 3989 in
2274 3948 2380 4006 qua
2405 3932 2493 3987 vir
2520 3929 2747 4005 quidam
2771 3928 2988 3985 illuster
3008 3935 3061 3983 et
3087 3943 3220 3999 pene
3236 3927 3339 3982 toti
3369 3923 3587 3980 notissi-

1994 4038 2113 4076 mus
2130 4022 2360 4092 regioni,
2394 4021 2682 4094 quemdam
2707 4036 2775 4077 ex
2799 4018 2905 4075 loci
2935 4016 3132 4074 incolis
3161 4016 3323 4073 saevis
3349 4013 3587 4072 verberi-

1992 4109 2093 4164 bus
2147 4110 2425 4181 proiligari
2474 4118 2841 4182 praeceperat;
2884 4109 3091 4182 illoque
3139 4105 3366 4181 pretiosi
3412 4104 3590 4162 Patris

1992 4197 2311 4270 suffragium
2356 4196 2710 4263 inclamante,
2761 4213 2872 4250 non
2923 4198 3088 4251 modo
3137 4198 3314 4252 ﬂexus
3341 4213 3452 4251 non
3485 4202 3587 4264 est,

1993 4304 2185 4344 verum
2215 4287 2381 4344 etiam
2412 4285 2676 4341 maturari
2705 4283 2927 4340 crudele
2972 4284 3254 4353 negotium
3290 4285 3586 4355 imperans,

1993 4395 2193 4452 equum
2225 4377 2482 4433 festinato
2512 4372 2835 4432 conscendit
2862 4391 2873 4430 ε
2912 4389 2976 4429 ac
3006 4370 3158 4443 prius
3187 4386 3351 4443 quam
3376 4377 3589 4443 portam

1997 4468 2301 4536 excederet,
2325 4482 2495 4539 equus
2514 4465 2569 4520 in
2594 4462 2830 4520 sublime
2848 4461 3097 4530 tollitur;
3144 4476 3407 4518 sessorem
3429 4460 3591 4517 dorso

1917 4533 1962 4589 θ
1994 4557 2241 4626 excutit;
2291 4571 2536 4631 coxaque
2569 4563 2943 4611 transversum
2991 4551 3185 4621 fracta,
3228 4549 3427 4607 misera
3456 4549 3592 4606 alli-

1998 4646 2150 4703 sione
2178 4644 2498 4719 prosternit.
2531 4642 2642 4699 Nec
2662 4640 2814 4714 prius
2833 4638 3153 4713 sospitatem
3183 4639 3407 4708 meruit,
3427 4654 3591 4712 quam

1998 4737 2156 4793 beato
2186 4735 2481 4803 Germano,
2515 4731 2674 4805 cujus
2704 4746 2905 4787 nomen
2934 4736 3236 4804 spreverat,
3269 4728 3454 4785 debita
3482 4745 3592 4800 poe-

2001 4825 2253 4882 nitudine
2281 4824 2565 4883 satisfecit.
2606 4823 2722 4880 Hoc
2750 4829 2971 4894 propter
3000 4820 3131 4877 facti
3164 4818 3591 4877 similitudinem

2000 4919 2076 4975 ita
2101 4919 2326 4987 inserto,
2358 4918 2427 4974 ad
2459 4919 2643 4973 locum
2670 4920 2710 4983 ⁸,
2740 4930 2903 4989 quem
2931 4911 3240 4980 omisimus,
3274 4909 3469 4968 seriem
3513 4923 3591 4962 reo

1999 5008 2242 5065 feramus
2270 5009 2312 5065 ⁵.

2073 5105 2159 5160 77.
2197 5100 2510 5175 Supradicti
2538 5097 3028 5157 castellidominus
3055 5093 3350 5167 cupiditati
3373 5095 3594 5151 nefarias
3690 5101 3695 5106 '

2003 5213 2207 5254 morem
2237 5210 2443 5268 gerens,
2465 5211 2552 5251 res
2573 5193 2641 5249 ad
2671 5189 2959 5249 ecclesiam
2993 5189 3332 5261 pertinentes
3359 5203 3496 5244 ausu
3516 5196 3593 5245 te-

2004 5286 2234 5344 merario
2253 5284 2551 5342 abdicavit.
2585 5283 2704 5351 Quo
2721 5285 3028 5354 comperto,
3050 5277 3375 5335 Rhemensis
3389 5276 3593 5347 episco-

2005 5392 2121 5447 pus,
2153 5374 2221 5431 ad
2250 5373 2407 5446 cujus
2438 5370 2719 5430 diecmsim
2765 5370 2921 5426 locus
2952 5368 3047 5424 ille
3077 5364 3352 5441 pertinere
3382 5382 3595 5437 cogno-

2002 5530 2198 5598 cunde,
2231 5546 2384 5584 num.
2415 5528 2466 5584 4.
2509 5527 2627 5583 Huc
2673 5526 2770 5582 illa
2798 5541 2925 5582 sane
2957 5524 3215 5598 imperite
3243 5522 3457 5598 intrusa
3485 5521 3593 5578 fuit

2001 5594 2195 5659 contra
2219 5607 2465 5674 apertum
2483 5598 2678 5679 .Herici
2710 5594 3119 5656 contextum'ac
3145 5596 3309 5653 ﬁdem
3336 5594 3592 5660 codicum

2003 5678 2320 5733 nostrorum
2345 5678 2618 5729 omnium.
3116 5684 3129 5693 ί
