4074 6186
465 214 602 275 1243

460 366 654 433 scitur,
707 369 931 419 evocato
987 361 1325 434 presbytero,
1385 374 1453 415 ne
1508 356 1771 430 sacrilego
1831 356 2047 412 homini
2083 364 2134 423 Α

464 455 642 510 missae
673 452 913 509 ofﬁcium
961 450 1322 523 impenderet,
1376 446 1685 504 interdixit.
1728 446 1840 503 Nec
1885 446 2061 501 multo

464 555 589 620 post
617 546 712 603 ille
743 544 1157 619 superveniens,
1190 538 1438 598 consueti
1480 539 1646 595 ofﬁcii
1681 539 2059 596 celebritatem

465 650 497 690 a
526 636 843 709 presbytero
891 630 1177 703 exigebat;
1222 628 1369 702 quod
1406 637 1690 702 postquam
1723 645 1754 685 a
1802 626 2062 700 pontiﬁce

465 722 734 796 comperit
756 721 1136 788 interdictum,
1161 718 1405 791 ejusdem
1428 718 1535 775 loci
1556 717 1748 774 villico
1773 716 2062 782 advocato,

467 815 612 890 quod
632 814 880 872 ecclesia:
907 812 1460 878 abstractumfuerat,
1482 810 1625 866 datis
1654 808 1890 866 vadibus
1911 807 2067 865 reddi

463 907 646 981 jussit.
678 909 761 964 Ita
796 906 976 962 missae
1017 905 1225 978 potitus
1255 904 1459 971 ofﬁcio,
1491 902 1729 958 sinistrae
1759 899 2064 957 voluntatis

469 999 695 1055 stimulo
724 1003 1072 1070 perurgente,
1105 994 1253 1066 quod
1283 994 1448 1066 paulo
1477 1000 1601 1049 ante
1631 992 1785 1048 reddi
1807 991 2067 1063 jusserat,

470 1089 676 1144 violata
696 1086 823 1142 ﬁdei
855 1085 1296 1156 interpositione,
1321 1083 1502 1139 denuo
1525 1081 1771 1154 praecipit
1798 1077 2064 1135 abdicari.

470 1181 579 1236 Nec
599 1178 823 1249 longum
856 1175 1070 1231 laetatus
1098 1182 1197 1243 est,
1230 1172 1364 1247 quin
1395 1169 1744 1242 sacrilegium
1772 1184 1928 1241 poena
1951 1183 2067 1223 cor-

471 1275 674 1347 riperet
700 1292 711 1329 :
742 1273 839 1328 vix
858 1288 1094 1343 namque
1115 1270 1340 1326 domum
1361 1274 1725 1335 remeaverat;
1755 1274 1811 1321 et
1829 1265 2071 1337 maligno

473 1379 731 1437 pervasus
752 1360 970 1434 spiritu,
997 1360 1296 1418 infeliciter
1316 1357 1692 1430 torquebatur.
1732 1356 1883 1412 Uxor
1902 1363 2070 1410 teme-

474 1451 652 1507 ritatis
681 1449 919 1518 conscia,
952 1466 1051 1522 pro
1083 1449 1257 1505 salute
1300 1446 1408 1502 viri
1453 1445 1521 1501 ad
1564 1442 1851 1500 ecclesiam
1886 1456 2072 1497 cereos

474 1549 527 1598 et
549 1548 677 1596 vota
696 1538 933 1606 direxit;
973 1555 1001 1594 e
1022 1538 1222 1611 quibus
1243 1554 1309 1593 ne
1330 1552 1475 1592 unus
1487 1533 1710 1608 quidem
1735 1530 1957 1588 accendi
1981 1546 2071 1603 po-

476 1631 602 1699 tuit,
635 1636 1016 1703 perseverante
1042 1646 1165 1702 erga
1188 1628 1465 1685 infelicem
1488 1625 1694 1682 divinae
1725 1620 2074 1695 indignatio-

476 1720 563 1776 nis
594 1719 821 1789 indicio,
853 1736 1016 1793 quam
1047 1718 1213 1774 semel
1247 1718 1305 1773 in
1335 1732 1391 1773 se
1416 1731 1713 1789 provocare
1742 1729 1852 1769 non
1877 1712 2075 1767 timue-
2110 1745 2153 1804 Β

476 1818 561 1866 rat
581 1810 857 1880 sacrilegae
877 1808 1198 1881 cupiditatis
1219 1807 1495 1878 exemplo.
1534 1804 1634 1862 Cui
1660 1801 2075 1858 immanissimas

476 1899 775 1955 calamitati
806 1906 924 1953 tum
955 1897 1177 1953 demum
1208 1911 1442 1968 superna
1474 1892 1754 1949 miseratio
1781 1891 1946 1946 ﬁnem
1969 1888 2077 1944 de-

477 1987 579 2053 dit,
615 2004 740 2042 cum
770 1986 1023 2056 conjugis
1061 1994 1115 2040 et
1163 1992 1451 2055 parentum
1498 1982 1734 2037 consilio
1765 1994 2072 2051 persuasus,

478 2086 531 2132 et
561 2077 706 2147 quod
736 2076 891 2147 prius
919 2075 1219 2130 abstulerat
1245 2074 1487 2128 ecclesiae
1516 2071 1777 2138 reddidit,
1811 2078 1863 2124 et
1892 2085 1961 2124 ex
1984 2070 2074 2124 le-

479 2163 671 2236 gitimo
728 2162 1060 2234 patrimonio
1104 2162 1446 2217 tantumdem
1504 2159 1658 2216 aliud
1714 2156 2071 2214 condonavit.

477 2253 740 2310 Eamdem
781 2252 1065 2309 basilicam
1115 2252 1204 2306 fur
1248 2254 1553 2306 nocturnus
1602 2247 1915 2321 ingrediens
1944 2246 2075 2302 uni-

479 2358 634 2398 versa
664 2342 731 2399 ad
765 2342 952 2398 altaris
988 2349 1240 2397 ornatum
1282 2338 1614 2413 pertinentia
1655 2337 1934 2409 sacrilegis
1966 2352 2075 2391 ma-

480 2430 643 2487 nibus
671 2431 1004 2503 exportavit.
1044 2429 1291 2503 Cumque
1320 2445 1376 2483 se
1406 2429 1464 2484 in
1496 2428 1657 2500 pedes
1687 2427 1851 2483 solito
1879 2424 2074 2496 conje-

479 2522 663 2588 cisset,
694 2522 771 2578 ita
795 2539 919 2578 eum
950 2522 1036 2577 vis
1062 2522 1256 2578 divina
1288 2519 1567 2593 implicuit
1592 2538 1604 2587 ;
1647 2528 1709 2575 ut
1738 2519 1806 2575 ab
1834 2518 1973 2575 atrio
1993 2534 2074 2574 ec-

478 2612 657 2668 clesiae
691 2612 847 2666 nullo
884 2620 1043 2683 pacto
1087 2610 1300 2683 digredi
1346 2609 1625 2682 potuerit:
1678 2609 1863 2681 itaque
1901 2614 2074 2663 totam

479 2710 696 2758 noctem
719 2700 1024 2768 ambulans,
1058 2699 1340 2773 sequentis
1361 2716 1569 2755 aurorae
1608 2698 1856 2755 diluculo
1876 2698 1930 2752 in
1953 2714 2075 2770 por-

478 2788 593 2845 ticu
619 2788 857 2844 basilica:
886 2797 1131 2860 repertus
1159 2798 1241 2844 est
1271 2797 1323 2844 et
1353 2788 1690 2845 conscientia
1723 2787 1990 2859 trepidus,
2021 2795 2075 2841 et

481 2876 627 2929 furto
654 2883 904 2929 onustus.
949 2878 1027 2930 Ita
1053 2876 1237 2946 praedo
1276 2877 1676 2944 confunditur;
1714 2876 1895 2948 prada
1925 2875 2077 2932 reci—

480 2962 633 3035 pitur
656 2981 667 3029 ;
716 2962 904 3018 beatus
926 2962 1228 3019 Germanus
1250 2981 1349 3020 suo
1371 2966 1428 3019 in
1454 2966 1572 3020 loco
1597 2966 1899 3020 liberaliter
1920 2982 2075 3036 agere

479 3053 816 3124 argumentis
844 3053 1193 3109 evidentibus
1221 3055 1550 3112 declaratur.

548 3146 627 3200 De
674 3143 808 3201 locis
840 3144 1017 3215 planis
1061 3151 1113 3200 et
1147 3144 1542 3200 habitabilibns
1584 3146 1739 3201 nulla
1769 3151 1918 3213 sunt,
1953 3160 2073 3217 quze

480 3232 744 3299 dicimus;
795 3233 839 3289 si
872 3250 982 3288 non
1014 3240 1275 3289 montana
1312 3250 1541 3307 quaeque
1581 3240 1634 3290 et
1663 3234 1853 3297 ardua,
1887 3248 1950 3287 ac
1978 3248 2074 3304 per

479 3321 584 3377 hoc
614 3320 870 3378 humanis
894 3339 1027 3395 pene
1048 3323 1323 3379 inaccessa
1348 3324 1650 3395 gressibus,
1676 3320 1934 3378 Germani
1964 3321 2071 3375 vir-

478 3410 691 3468 tutibus
717 3428 830 3467 esse
862 3413 1066 3484 pervia,
1099 3412 1441 3469 declaremus
1477 3430 1516 3468 α.

1081 3560 1311 3617 CAPUT
1344 3560 1490 3616 VIII.

549 3666 811 3724 Miracula
841 3667 953 3737 ejus
972 3686 1088 3739 qua:
1116 3670 1170 3723 in
1192 3670 1417 3741 Alpibus
1446 3676 1493 3723 et
1518 3669 1575 3723 in
1594 3670 1885 3727 Britannia
1912 3671 2070 3725 conti-

1168 3747 1372 3795 nerunt.

1166 3758 1372 3812 gerunt.

2110 3103 2153 3161 C

549 3861 634 3918 78.
653 3863 788 3935 Juga
800 3863 1170 3920 Pennina‘rum
1187 3864 1433 3936 Alpium,
1461 3880 1572 3919 non
1592 3864 1716 3935 plus
1734 3861 1968 3918 candore
1989 3862 2069 3917 ni-

476 3954 650 4023 vium,
665 3971 829 4026 quam
847 3955 963 4026 ejus
983 3956 1249 4010 illustrari
1274 3955 1505 4022 meritis,
1530 3972 1593 4011 eo
1606 3956 1835 4027 gertius,
1853 3972 1962 4029 quo
1979 3972 2069 4012 ex-

475 4043 684 4113 pertius
703 4052 783 4099 est
805 4062 815 4098 :
841 4059 967 4099 nam
988 4045 1045 4099 in
1066 4052 1269 4113 monte,
1289 4045 1782 4118 quiMinorisJovis
1842 4046 2065 4115 dicitur,

473 4129 593 4201 ejus
621 4132 850 4189 ecclesia
878 4143 957 4189 est
987 4134 1200 4190 ambitu
1229 4134 1466 4203 modica,
1498 4136 1803 4192 virtutibus
1834 4153 2061 4208 magna;

475 4228 595 4290 quae
624 4220 694 4275 ob
721 4220 861 4277 sacri
889 4223 1323 4293 repausationem
1352 4225 1620 4297 corporis,
1651 4242 1777 4281 cum
1811 4227 2068 4283 Ravenna

474 4308 787 4378 referretur,
840 4326 903 4366 eo
945 4309 1065 4367 loco
1112 4320 1432 4369 constructa
1479 4314 1647 4370 fuisse
1695 4316 2062 4386 cognoscitur.

472 4398 597 4455 llaec
627 4399 855 4455 Romam
884 4400 1255 4471 pergentibus,
1287 4401 1525 4475 indeque
1555 4404 1927 4460 remeantibus
1953 4405 2065 4461 ine-

473 4487 777 4544 vitabiliter
806 4467 1004 4561 pervia
1023 4498 1105 4546 est
1131 4509 1143 4559 ;
1198 4467 1344 4563 quod
1377 4467 1629 4563 publicus
1657 4509 1839 4567 agger,
1868 4494 1927 4550 in
1957 4512 2065 4568 quo
2096 4467 2143 4525 D

470 4576 742 4645 consistit,
774 4587 994 4650 propter
1041 4578 1257 4635 itineris
1298 4582 1578 4653 angustias
1613 4599 1834 4639 omnem
1864 4582 2060 4638 diver-

472 4665 622 4721 tendi
653 4666 720 4720 ab
746 4681 808 4722 ea
831 4665 1064 4739 denegat
1091 4667 1427 4725 facultatem.
1469 4671 1609 4727 Illuc
1640 4671 1931 4727 innumera
1964 4672 2061 4727 di-

470 4755 613 4810 vinae
644 4755 914 4826 largitatis
960 4756 1195 4814 subinde
1233 4759 1441 4815 clarent
1484 4759 1769 4829 beneﬁcia,
1802 4778 1922 4833 quae
1955 4761 2059 4817 loci

469 4842 817 4915 asperitatem
874 4859 937 4900 ac
1003 4844 1360 4902 solitudinem
1415 4848 1637 4920 copiosa
1691 4848 2059 4906 remediorum

469 4933 754 4990 fertilitate
802 4943 1193 5004 compensant;
1248 4943 1310 4990 ut
1350 4934 1475 5006 jure
1533 4936 1773 5005 fatearis,
1825 4940 2059 4995 caelestis

470 5022 864 5080 muniﬁcentiae
907 5023 1247 5096 majestatem
1278 5024 1439 5083 siccis
1468 5025 1632 5081 etiam
1678 5027 1907 5100 rupibus
1948 5046 2058 5086 non

538 5178 556 5202 ο
588 5160 714 5235 Haec
731 5158 986 5235 transitio
1007 5159 1075 5235 ad
1096 5165 1410 5235 sequentem
1434 5161 1831 5229 narrationem,
1860 5163 2061 5235 legitur

471 5231 527 5285 in
557 5232 674 5287 solo
704 5230 893 5287 codice
925 5230 1300 5302 Lugdunénsi.

540 5308 561 5337 δ
591 5302 901 5380 Su_mm_um__
928 5301 1388 5380 Penninum,_seu
1433 5305 1659 5380 titantem
1697 5305 1842 5380 lovis
1871 5306 2059 5380 (vulgo

470 5373 741 5444 Movit-Jan
762 5374 991 5443 Gallice,
1015 5374 1201 5431 Italice
1232 5376 1614 5444 Monte-Grece)
1645 5373 1903 5433 eumdum
1929 5373 2060 5434 facit

472 5443 759 5529 cluverius
801 5447 971 5501 Italiae
1011 5445 1183 5529 antiq.
1220 5447 1317 5503 lib.
1352 5464 1541 5529 1,.cap.
1571 5448 1658 5529 3_2_,
1693 5450 2060 5529 cun}.eo,_‘qui

473 5517 531 5566 in
562 5517 772 5594 mappis
820 5517 1196 5594 geographicis
1229 5517 1742 5594 appellati—trullam
1774 5520 1883 5574 divi
1914 5517 2060 5594 per-

471 5580 635 5636 nardi
651 5580 1107 5658 iﬁajoﬂte'grdnd
1131 5593 1186 5650 S.
1211 5580 1504 5663 Béfnard).
1542 5591 1746 5661 Quidni
1767 5607 1893 5664 ergo
1907 5590 2062 5651 Mons

1446 206 1685 267 HERICI
1751 205 2073 265 MONACHI
2117 203 2780 264 ANTISSIODORENSIS

3655 209 3813 268 1244

2169 356 2372 413 deesse.
2419 357 2530 413 Iter
2579 361 2802 428 agentes
2851 369 3116 427 quosque,
3163 369 3303 427 quos
3349 358 3536 414 noctis
3588 359 3809 420 horror

2172 447 2409 516 irruens,
2440 454 2534 502 aut
2582 444 2926 518 fatigationis
2964 444 3273 501 difﬁcultas.
3311 446 3650 520 impediens,
3696 462 3807 511 aut

2174 536 2516 593 inﬁrmitatis
2543 536 2758 593 sarcina
2784 550 3152 608 praegravans,
3173 534 3276 591 sub
3301 544 3509 594 tectum
3542 541 3808 600 ecclesia

2177 627 2408 683 transire
2428 626 2731 699 compellit,
2756 625 3051 681 sanitatum
3076 623 3152 680 ibi
3172 624 3318 681 dona
3337 628 3645 701 percipere,
3670 632 3805 691 luce

2174 716 2379 773 clarius
2408 715 2537 771 inde
2565 715 2868 787 colligitur,
2902 714 3052 787 quod
3081 713 3368 787 presbyter
3396 716 3466 773 ad
3495 718 3659 791 cujus
3688 740 3808 779 cu-

2176 823 2293 862 ram
2344 807 2498 863 locus
2533 807 2791 880 pertinet,
2824 805 2882 860 in
2914 812 3125 862 remota
3174 805 3403 876 planitie
3444 808 3805 883 frequentius

2177 895 2450 964 habitans,
2476 895 2521 951 si
2548 895 2766 968 quando
2798 894 2967 951 sacris
2998 909 3207 949 morem
3230 903 3506 965 gesturus,
3530 908 3806 957 montana

2177 986 2519 1054 conscendit,
2582 985 2759 1041 multa
2811 984 2891 1039 ibi
2947 984 3408 1041 revalescentium
3468 1001 3803 1060 argumenta

2179 1075 2451 1148 conspicit
2504 1074 2892 1141 inﬁrmorum;
2943 1089 3071 1129 nam
3119 1080 3173 1130 et
3221 1084 3503 1132 mutorum
3552 1079 3803 1149 tabellae,

2180 1182 2413 1239 quarum
2443 1180 2715 1221 concussu
2742 1164 2939 1236 stipem
2972 1165 3287 1236 postulant;
3320 1167 3635 1238 repentium
3660 1186 3801 1243 quo-

2181 1272 2286 1329 que
2311 1255 2615 1327 gestamina
2633 1260 3042 1310 contractorum
3075 1253 3150 1309 ibi
3177 1254 3496 1327 frequenter
3515 1256 3751 1314 inventa
3777 1279 3793 1327 ;

2183 1344 2461 1401 interdum
2493 1352 2547 1400 et
2579 1343 2843 1417 sanguine
2874 1343 3255 1415 pavimentum
3300 1344 3568 1413 madens;
3601 1349 3697 1404 sed
3743 1357 3802 1405 et

2182 1434 2370 1492 votiva
2400 1434 2459 1489 in
2488 1433 2721 1490 diversis
2751 1432 3096 1490 munusculis
3127 1433 3321 1490 relicta
3360 1432 3594 1492 bellaria
3626 1448 3800 1494 noctu

2184 1527 2411 1600 patratis
2438 1526 2495 1580 in
2524 1526 2647 1581 loco
2679 1524 2844 1580 ﬁdem
2878 1531 3173 1580 astruxere
3200 1522 3501 1580 miraculis.

2256 1624 2341 1679 79.
2374 1619 2667 1679 Familiare
2698 1621 2976 1694 quondam
3011 1629 3205 1676 sancto
3235 1621 3356 1676 viro
3387 1621 3570 1677 fuerat
3606 1637 3799 1678 secre-

2183 1719 2302 1767 tum
2333 1720 2388 1768 et
2420 1710 2791 1782 abjeetionem
2839 1710 2987 1767 oculi
3021 1726 3284 1782 querere,
3317 1726 3405 1765 res
3439 1726 3471 1765 a
3519 1726 3578 1767 se
3624 1718 3800 1783 gestas

2188 1801 2515 1857 mirabiliter
2534 1800 2892 1857 secretalibus
2917 1798 3131 1855 umbris
3155 1800 3387 1868 tradere,
3413 1808 3797 1874 quantumque

2187 1894 2243 1949 in
2275 1893 2393 1964 ipso
2428 1892 2558 1961 fuit,
2590 1908 2783 1948 omnes
2812 1892 3047 1947 virtutes
3076 1908 3201 1948 suas
3230 1892 3487 1964 perennis
3526 1892 3795 1964 ignoran-

2190 1983 2275 2038 tia
2324 1982 2546 2038 latebris
2595 1983 2932 2038 obscurare:
2966 1981 3096 2039 hinc
3137 1990 3284 2039 certe
3332 1991 3435 2051 est,
3474 1982 3619 2056 quod
3665 1999 3792 2038 cum

2186 2073 2363 2127 multa
2410 2071 2565 2126 illius
2616 2071 2884 2128 miracula
2916 2071 3123 2126 mundo
3157 2072 3525 2141 innotuerint,
3558 2090 3657 2129 nec
3683 2091 3795 2147 po-

2184 2160 2394 2216 tuerint
2438 2160 2686 2216 locorum
2732 2159 3068 2215 obscuritate
3097 2161 3285 2229 celari,
3317 2178 3445 2219 cum
3491 2162 3793 2219 virtutibus

2187 2246 2545 2318 proderetur;
2582 2247 2874 2301 innumera
2921 2253 3106 2300 tamen
3156 2254 3306 2314 sunt,
3341 2263 3462 2319 quae
3511 2245 3787 2316 iactantiae

2186 2341 2407 2412 refugus
2428 2340 2486 2395 in
2510 2338 2803 2394 hominum
2826 2356 2935 2395 non
2961 2356 3149 2411 passus
3169 2346 3252 2395 est
3274 2337 3465 2394 venire
3486 2340 3747 2395 notitiam
3770 2357 3782 2405 ;

2185 2429 2387 2501 quippe
2415 2429 2510 2501 qui
2542 2428 2797 2484 humanm
2828 2428 3216 2500 possibilitatis
3264 2428 3553 2484 modulum
3606 2445 3787 2500 super-

2186 2535 2419 2591 gressus,
2470 2519 2681 2591 angelis
2728 2517 2966 2575 consciis
3014 2527 3068 2574 et
3117 2519 3258 2575 caelo
3304 2526 3441 2574 teste
3488 2518 3790 2574 fruebatur.

2188 2611 2344 2664 Hunc
2388 2606 2663 2679 hodieque
2713 2623 2917 2662 morem
2959 2607 3120 2663 Pater
3164 2614 3347 2662 servat
3393 2606 3665 2678 egregius,
3699 2605 3789 2678 qui

2185 2713 2309 2754 cum
2340 2696 2790 2768 incomparabilis
2821 2696 3023 2752 existat
3042 2694 3188 2767 apud
3209 2697 3382 2751 Deum
3406 2694 3615 2762 meriti,
3640 2696 3793 2767 plura

2186 2785 2462 2841 interdum
2495 2786 2553 2840 in
2583 2785 2795 2841 locellis
2824 2785 3259 2853 obscurioribus,
3290 2800 3387 2840 suo
3414 2791 3633 2840 tantum
3663 2786 3787 2839 titu'

2186 2877 2282 2931 lati
2329 2876 2576 2944 nomine,
2609 2875 2925 2930 visibilium
2964 2875 3170 2947 praebet
3217 2882 3429 2931 ostenta
3477 2875 3784 2946 signorum,

2185 2982 2346 3037 quam
2376 2981 2484 3038 quo
2521 2981 2733 3037 semper
2766 2964 3030 3020 adorandi
3055 2963 3174 3036 ejus
3200 2963 3447 3036 corporis
3466 2981 3679 3020 sacram
3703 2981 3789 3019 ve-

2182 3070 2441 3109 neramur
2469 3055 2836 3126 praesentiam.
2871 3054 3099 3122 Verum,
3133 3054 3264 3126 quia
3301 3052 3623 3110 inﬁdelibus
3653 3053 3792 3127 qui-

2184 3142 2415 3214 busque,
2444 3152 2498 3198 et
2523 3143 2614 3213 qui
2647 3159 2717 3198 ex
2748 3142 3066 3199 visibilibus
3092 3150 3306 3199 tantum
3334 3143 3647 3198 invisibilia
3676 3157 3783 3198 me-

2189 3230 2421 3299 tiuntur,
2455 3231 2724 3286 familiare
2753 3240 2834 3288 est
2868 3232 3021 3303 signa
3050 3249 3171 3288 cum
3203 3232 3405 3288 Iudaeis
3454 3249 3716 3306 quaerere,
3739 3244 3791 3292 et

2186 3312 2546 3392 praesentibus
2575 3320 2755 3375 solum
2783 3322 3089 3378 commodis
3115 3321 3377 3378 oblectari
3402 3341 3415 3389 ;
3453 3323 3591 3377 mihi
3619 3332 3785 3401 certe,

2185 3407 2342 3480 cujus
2361 3409 2474 3481 jam
2505 3409 2641 3465 ﬁdes
2667 3410 2726 3464 in
2756 3410 2925 3465 robur
2952 3412 3255 3481 convaluit,
3279 3412 3370 3470 cui
3403 3412 3474 3468 ad
3505 3412 3675 3469 vitam
3708 3412 3787 3467 in-

2186 3498 2337 3570 gredi
2370 3498 2715 3572 propositum
2746 3508 2848 3567 est,
2879 3501 2974 3572 qui
3016 3500 3255 3574 denique
3293 3502 3616 3575 corporibus
3653 3501 3784 3557 ani-

2186 3607 2302 3645 mas
2323 3600 2589 3664 quantum
2618 3592 2954 3649 immortalia
2984 3593 3334 3663 mortalibus,
3356 3595 3618 3666 perituris
3642 3610 3785 3649 man-

2184 3696 2330 3750 sura,
2354 3681 2864 3756 incomparabiliter
2884 3691 3141 3755 praestare
3170 3700 3280 3739 non
3304 3685 3546 3757 ambigo,
3573 3684 3787 3741 cbarius

2184 3770 2302 3826 haec
2340 3774 2671 3828 constabunt
2700 3789 2924 3853 semper
2969 3772 3255 3843 beneﬁcia,
3292 3791 3415 3847 quae
3466 3775 3790 3831 interiorem

2182 3860 2465 3918 hominem
2500 3864 2827 3937 spiritaliter
2855 3872 2908 3919 et
2948 3872 3209 3937 perpetuo
3244 3864 3426 3932 beant,
3464 3882 3631 3938 quam
3672 3881 3787 3937 quae

2182 3952 2511 4007 exteriorem
2538 3953 2896 4026 corporaliter
2926 3963 2979 4010 et
3001 3954 3320 4009 transitorie
3351 3954 3601 4009 relevant
3632 3971 3644 4009 :
3676 3953 3789 4012 haec

2181 4042 2393 4111 diebus,
2420 4043 2533 4100 haec
2562 4044 2817 4100 noctibus
2838 4061 2866 4100 e
2888 4043 3143 4099 Germani
3173 4044 3389 4100 tumulo
3413 4043 3659 4101 ubertim
3682 4060 3787 4099 ma-

2183 4144 2329 4198 nare,
2361 4147 2523 4186 nemo
2551 4132 2669 4186 sani
2698 4130 3039 4203 capitisjure
3066 4130 3430 4187 dubitaverit.

2250 4228 2338 4285 80.
2372 4230 2513 4284 Dum
2540 4245 2636 4301 per
2675 4230 3072 4286 mediterranea
3100 4229 3460 4285 circumvecti
3495 4229 3639 4297 loca,
3666 4227 3786 4284 sin-

2180 4320 2304 4391 gula
2350 4319 2563 4375 curiose
2597 4319 2980 4390 disquirimus,
3011 4335 3147 4391 pene
3189 4318 3317 4386 fuit,
3360 4326 3422 4374 ut
3469 4318 3775 4386 Oceanum,

2178 4408 2385 4464 extima
2416 4408 2605 4464 mundi
2638 4409 2967 4466 mirabiliter
2986 4410 3319 4482 cingentem,
3343 4409 3412 4465 ab
3434 4410 3789 4468 excellentis-

2174 4496 2299 4552 simi
2344 4497 2519 4553 Patris
2570 4498 2745 4553 nostri
2780 4498 3091 4570 privilegiis
3130 4499 3548 4571 exciperemus;
3584 4498 3788 4571 quibus

2174 4604 2300 4644 cum
2334 4595 2482 4643 totus
2513 4587 2782 4643 redundet
2814 4588 2984 4656 orbis,
3017 4588 3246 4644 uberius
3286 4596 3471 4644 tamen
3520 4587 3609 4643 his
3652 4587 3790 4643 Bri-

2174 4676 2361 4731 tannia
2391 4676 2678 4747 gloriatur,
2714 4675 2896 4730 insula
2924 4675 3070 4731 inter
3102 4692 3294 4732 omnes
3336 4677 3424 4732 vel
3468 4676 3669 4748 prima,
3698 4680 3793 4735 vel

2175 4762 2452 4829 maxima;
2491 4763 2558 4819 de
2587 4779 2696 4835 qua
2726 4770 2789 4817 ut
2822 4763 2908 4833 (ut
2948 4763 3236 4836 redundat)
3273 4764 3380 4819 fert
3426 4764 3734 4820 auctoritas
3769 4782 3784 4820 :

2175 4852 2327 4908 Finis
2356 4860 2471 4907 erat
2500 4852 2649 4907 orbis
2677 4868 2771 4906 ora
2811 4852 3009 4908 Gallici
3057 4853 3299 4922 littoris;
3337 4852 3445 4909 nisi
3491 4852 3792 4908 Britannia

2177 4940 2355 4996 insula
2390 4940 2654 5013 singulari
2684 4941 3052 5014 amplitudine
3092 4958 3291 4998 nomen
3316 4959 3452 5015 pene
3474 4942 3628 4999 orbis
3650 4942 3792 4998 alte-

2175 5030 2289 5086 rius
2320 5037 2622 5086 mereretur
2652 5040 2689 5087 °.
2731 5032 2855 5087 Hzec
2892 5029 3051 5087 beato
3082 5030 3356 5088 Germano
3386 5031 3657 5105 peculiari
3693 5031 3791 5086 de-

2173 5163 2395 5237 minoris
2422 5162 2579 5237 Iovis
2602 5163 2696 5220 ille
2727 5172 3033 5230 censeatur,
3066 5180 3229 5237 quem
3258 5163 3327 5220 ab
3344 5164 3465 5237 alio
3484 5177 3614 5237 Anon
3649 5163 3791 5237 adeo

2173 5235 2429 5293 dissitum
2460 5235 2708 5291 vocitant
2743 5237 2971 5290 Montem
3000 5235 3376 5291 DfBernardi
3419 5235 3675 5290 minorem
3714 5236 3792 5305 (te

2170 5308 2299 5379 petit
2325 5308 2379 5379 3.
2410 5307 2653 5379 Bernard
2674 5306 2725 5377 ?)
2752 5307 2855 5362 Per
2890 5306 2990 5363 hos
3010 5306 3115 5362 iter
3142 5316 3223 5363 est
3256 5323 3286 5361 e
3311 5306 3789 5379 Galliain_ditio-

2175 5376 2296 5451 nem
2325 5376 2784 5451 Mediolanensem
2811 5396 2822 5433 :
2849 5385 3076 5451 uterque
3097 5394 3229 5451 vero
3255 5386 3477 5433 notatur
3497 5378 3559 5433 in
3581 5376 3789 5433 Sabau-

2173 5450 2265 5506 dia
2300 5449 2366 5503 ad
2401 5450 2607 5504 limites
2636 5449 2870 5504 ducatus
2900 5449 3233 5520 Augustani.

2247 5530 2267 5556 ο
2296 5520 2473 5582 Verba
2498 5528 2627 5576 sunt
2658 5520 2834 5576 Solini
2865 5520 2923 5576 in
2953 5518 3324 5592 Polyhistore,
3365 5535 3485 5593 cap.
3517 5518 3607 5576 22.
