4074 6186
267 258 406 323 1845

1219 260 1314 320 DE
1352 260 1730 320 MIRACULIS
1766 262 1821 319 S.
1864 262 2206 320 GERMANI.
2247 293 2318 305 —
2356 263 2491 320 LIB.
2536 264 2605 320 II.

3430 262 3567 323 1246

261 417 489 477 votione
509 415 800 485 submissa,
831 416 1024 473 multis
1053 432 1108 473 se
1136 416 1530 474 beneﬁciorum
1559 415 1857 488 impendiis
1884 418 1935 477 A
1962 415 2208 484 unicum,
2241 416 2336 489 qui
2367 415 2528 473 nobis
2557 423 2656 485 est,
2692 415 2935 472 vitulum
2965 421 3228 484 mactans,
3262 415 3566 474 coenaturis

262 507 542 567 sanctitati
564 505 682 579 ejus
709 521 823 564 esse
852 513 1084 583 testatur
1110 507 1441 579 obnoxiam;
1470 508 1618 580 quod
1642 507 1854 565 scilicet

262 599 381 673 ejus
408 598 678 656 doctrinis
707 597 1039 666 illuminata,
1073 597 1219 671 quod
1249 613 1345 670 per
1386 613 1513 655 eum
1545 614 1657 655 non
1685 601 1851 657 semel

261 697 343 747 est
385 706 416 744 a
447 686 704 745 sordibus
748 687 1017 745 hau-esum
1057 696 1377 759 expurgata,
1423 687 1566 761 quod
1619 688 1855 762 denique

261 778 559 850 multiplici
610 776 1003 833 miraculorum
1070 777 1317 849 lampade
1375 777 1665 834 illustrata.
1723 778 1854 845 Quae

258 869 519 944 quoniam
551 869 839 925 doctorum
869 868 1141 924 nobilium
1175 867 1359 925 studio
1387 868 1588 924 litteris
1607 876 1735 924 sunt
1757 868 1853 924 ali-

257 968 527 1036 quatenus
584 957 1001 1027 commendata,
1060 958 1351 1015 iteratione
1409 973 1522 1013 non
1582 957 1851 1030 indigent.

255 1055 454 1110 Fertur
483 1066 655 1105 unum
695 1049 969 1106 famosum
1018 1050 1166 1105 inter
1207 1054 1421 1118 caetera,
1452 1048 1611 1121 cujus
1638 1047 1707 1104 ad
1754 1064 1855 1105 nos

254 1140 456 1198 notitia
486 1154 581 1212 per
608 1146 857 1195 sanctum
889 1153 1072 1194 senem
1100 1139 1366 1206 Marcum,
1401 1137 1646 1210 ejusdem
1679 1139 1854 1210 gentis

254 1231 570 1304 episcopum
614 1227 931 1286 decucurrit
963 1247 976 1284 :
1007 1228 1102 1301 qui
1147 1228 1373 1284 natione
1411 1228 1633 1301 quidem
1674 1229 1848 1297 Brito,

253 1321 517 1378 educatus
551 1335 683 1375 vero
728 1318 787 1387 in
822 1317 1105 1386 Hibernia,
1138 1325 1261 1390 post
1306 1318 1468 1390 longa
1519 1318 1852 1391 pontiﬁcalis

253 1409 564 1467 sanctitatis
590 1406 875 1476 exercitia,
895 1408 1203 1463 ultroneam
1226 1407 1332 1463 sibi
1355 1408 1849 1479 peregrinationem

252 1498 481 1555 indixit.
514 1497 604 1554 Sic
627 1498 915 1553 traductus
936 1497 994 1551 in
1015 1496 1326 1565 Franciam,
1345 1496 1690 1571 piissimique
1709 1499 1853 1572 regis

252 1588 433 1646 Caroli
466 1586 845 1642 muniﬁcentia
866 1586 1104 1654 illectus,
1124 1586 1269 1658 apud
1290 1585 1577 1642 beatorum
1604 1587 1851 1644 Medardi

250 1684 307 1733 et
333 1677 637 1734 Sebastiani
669 1675 980 1732 coenobium
1014 1685 1036 1712 ι
1065 1675 1503 1733 anachoreticam
1530 1684 1747 1734 exercet
1768 1677 1849 1733 vi-

1969 521 2198 579 appone.
2228 506 2390 561 Dicto
2438 506 2533 561 illa
2576 506 2961 563 incunctanter
2995 505 3199 578 paruit,
3239 514 3568 579 coctumque

1967 594 2208 651 vitulum
2238 594 2298 649 in
2327 609 2514 649 mensa
2540 596 2844 667 componit.
2874 595 3180 668 Episcopus
3208 594 3371 650 solito
3399 595 3565 651 absti-

1965 701 2121 752 nens,
2155 683 2367 741 caeteris
2395 699 2547 739 esum
2586 684 2805 741 indicit.
2838 685 3006 743 Coena
3046 684 3329 757 explicita,
3372 684 3565 741 beatus

1965 775 2272 832 Germanus
2302 773 2589 828 mulierem
2619 782 2829 840 evocat,
2861 774 3221 847 imperatque,
3244 780 3308 830 ut
3336 790 3457 829 ossa
3481 772 3565 828 vi-

1963 864 2066 920 tuli
2107 862 2337 920 collecta
2368 860 2688 934 diligentius
2736 878 2901 934 super
2948 864 3258 934 pelliculam
3292 862 3409 934 ejus
3439 871 3565 919 ante

1964 963 2194 1010 matrem
2235 953 2292 1008 in
2340 950 2604 1024 praesepio
2649 956 2960 1022 componat.
3007 950 3128 1014 Quo
3158 951 3302 1005 facto
3335 952 3564 1021 (mirum

1963 1042 2116 1098 dictu
2145 1040 2291 1113 quod
2318 1039 2423 1113 est)
2456 1039 2664 1094 vitulus
2703 1038 2905 1111 absque
2959 1053 3113 1093 mora
3158 1038 3422 1103 surrexit,
3454 1054 3566 1092 ma-

1961 1134 2142 1207 trique
2188 1131 2497 1197 coadstans,
2534 1127 2796 1201 pabulum
2837 1143 3057 1199 carpere
3095 1127 3282 1198 cmpit.
3326 1127 3464 1181 Tum
3496 1126 3565 1182 ad

1962 1231 2223 1295 utrosque
2251 1236 2550 1277 conversus
2578 1217 2806 1273 antistes
2837 1235 2848 1273 :
2883 1216 3067 1283 Salvo,
3102 1215 3302 1287 inquit,
3335 1214 3562 1286 praemio

1962 1310 2248 1369 charitatis
2268 1309 2394 1381 jura
2417 1307 2667 1381 hospitii,
2700 1306 2799 1362 tali
2826 1306 3051 1361 interim
3100 1303 3369 1359 beneﬁcio
3399 1319 3563 1359 com—

1963 1408 2185 1474 pensata
2218 1397 2466 1472 recipite.
2500 1398 2833 1452 Proventum
2883 1394 2962 1450 rei
3012 1391 3320 1448 mirabilem
3360 1390 3563 1448 collato

1964 1506 2154 1546 omnes
2178 1488 2453 1561 praeconio
2482 1485 2849 1542 sustulerunt.

2032 1578 2121 1634 82.
2159 1579 2221 1634 In
2251 1575 2554 1633 crastinum
2603 1573 2856 1647 pontifex
2903 1573 3167 1645 palatium
3218 1571 3436 1642 repetit,
3468 1586 3564 1626 re-

1962 1669 2151 1741 gisque
2175 1666 2243 1722 ad
2270 1666 2556 1739 publicum
2587 1664 2938 1736 praestolatur
2965 1678 3263 1733 egressum.
3300 1661 3463 1725 Illum
3495 1661 3563 1716 ab

249 1773 385 1835 tam,
421 1765 716 1839 singularis
760 1773 951 1821 nostro
979 1773 1225 1838 tempore
1269 1765 1448 1822 unicaa
1489 1766 1851 1840 philosophus
1881 1782 1926 1841 Β
1961 1757 2176 1815 intimis
2197 1755 2583 1829 procedentem
2607 1754 2913 1810 Germanus
2927 1752 3155 1824 excipit,
3173 1759 3335 1824 atque
3352 1751 3563 1841 potenti

253 1855 580 1912 sanctitatis.
615 1855 719 1913 Hic
752 1855 944 1911 multis
972 1871 1156 1911 coram
1187 1855 1389 1927 saepius
1422 1856 1626 1912 referre
1654 1857 1854 1914 solitus

254 1952 390 2012 erat,
409 1944 738 2000 Germanum
759 1943 1174 2001 sanctissimum
1199 1944 1285 2014 (ut
1305 1943 1478 2016 ipsius
1498 1953 1623 2001 utar
1641 1945 1849 2018 verbis)

252 2048 364 2087 sum
393 2030 635 2088 nationis
661 2032 993 2102 apostolum,
1024 2030 1146 2088 vice
1179 2032 1439 2104 quadam,
1474 2032 1606 2087 dum
1638 2033 1850 2088 Britan-

252 2122 373 2178 nias
417 2130 742 2193 permearet,
773 2122 915 2192 regis
963 2121 1229 2191 palatium
1274 2138 1401 2176 cum
1452 2123 1567 2177 suis
1614 2122 1853 2193 discipu-

251 2211 324 2265 lis
348 2209 628 2265 introisse.
660 2209 792 2263 Erat
832 2216 952 2262 tum
982 2207 1161 2262 hiems
1190 2207 1434 2275 horrida,
1468 2226 1570 2265 nec
1597 2210 1854 2265 homini-

250 2298 356 2353 bus
392 2298 599 2364 solum,
630 2312 822 2351 verum
873 2295 1038 2350 etiam
1087 2295 1226 2366 ipsis
1263 2295 1456 2351 bestiis
1503 2295 1857 2352 vehementer

251 2386 470 2442 infesta.
503 2386 693 2458 Itaque
723 2384 934 2440 directo
962 2382 1033 2438 ad
1058 2399 1242 2454 regem
1274 2384 1641 2452 internuntio,
1671 2402 1855 2457 super-

252 2477 499 2525 venturae
536 2468 684 2525 nocti
720 2467 1022 2539 hospitium
1048 2467 1368 2539 postulavit.
1402 2468 1518 2524 Rex
1540 2468 1754 2537 abnuit,
1776 2476 1854 2524 at-

252 2575 380 2632 que,
410 2566 472 2615 ut
501 2566 695 2615 eratet
724 2565 883 2631 gente
924 2566 978 2614 et
1022 2558 1209 2613 animo
1246 2557 1534 2627 barbarus,
1570 2559 1853 2631 negotium

253 2648 623 2723 ﬂoccipendit.
657 2650 870 2705 Interea
897 2648 1203 2704 Germanus
1233 2663 1360 2703 cum
1407 2648 1701 2720 discipulis
1752 2647 1854 2704 sub

253 2739 387 2795 divo
416 2740 731 2811 persistens,
763 2738 889 2795 cteli
921 2737 1335 2795 inclementiam
1367 2738 1617 2796 infractis
1652 2738 1855 2793 animis

261 2828 551 2885 tolerabat.

324 2944 416 3000 8|.
447 2944 674 3017 Jamque
701 2944 791 3001 die
814 2945 873 3001 in
903 2961 1184 3018 vesperam
1216 2951 1429 3011 coacto,
1469 2943 1733 3000 subulcus
1758 2958 1857 2997 re-

255 3033 337 3107 gis
385 3050 659 3107 regressus
696 3052 726 3090 a
758 3037 996 3107 pascuis,
1028 3051 1259 3107 pensum
1307 3032 1619 3108 quotidiani
1667 3031 1851 3088 salarii

252 3129 536 3194 acceptum
568 3139 639 3177 ex
671 3122 875 3195 palatio
919 3122 987 3178 ad
1025 3124 1310 3196 proprium
1340 3122 1623 3194 tugurium
1657 3122 1851 3176 refere-
1893 3146 1934 3203 υ

252 3210 364 3269 bat.
395 3213 445 3268 Is
475 3212 572 3269 ubi
602 3213 935 3271 Germanum
966 3215 1347 3270 beatissimum
1394 3210 1684 3285 conspexit
1710 3211 1855 3267 bru—

253 3301 387 3357 mali
417 3303 644 3359 horrore
672 3320 796 3359 cum
826 3304 1115 3376 discipulis
1144 3303 1536 3365 tabescentem,
1560 3300 1855 3370 appropin-

253 3406 428 3463 quans
460 3392 733 3461 cominus,
763 3402 883 3450 orat
915 3392 1317 3456 humiliter,ut,
1341 3388 1467 3459 quis
1494 3394 1656 3453 esset,
1676 3403 1855 3457 quave

252 3493 319 3534 ex
357 3496 518 3536 causa
546 3481 905 3550 interalgores
936 3480 1140 3532 nimios
1170 3478 1290 3532 illic
1320 3483 1650 3541 moraretur,
1679 3473 1856 3529 edice-

252 3577 354 3625 ret.
391 3571 638 3638 Cumque
668 3567 814 3621 nihil
861 3565 1215 3621 certitudinis
1268 3580 1335 3618 ex
1369 3579 1629 3635 responso
1675 3579 1855 3635 perce-

253 3658 442 3730 pisset,
478 3669 722 3727 personae
750 3652 1022 3726 dignitate
1049 3660 1366 3725 permotus;
1402 3653 1533 3720 Oro,
1564 3652 1661 3721 ait,
1694 3652 1857 3726 quis-

254 3746 381 3818 quis
399 3761 478 3813 es,
499 3742 741 3810 domine,
759 3752 821 3799 ut
853 3758 1040 3815 parcas
1068 3741 1307 3814 corpori,
1330 3742 1586 3814 servique
1618 3742 1701 3797 tui
1734 3758 1854 3798 suc-

261 3838 455 3896 cedere
485 3836 729 3908 digneris
753 3836 1018 3910 hospitio,
1050 3853 1113 3893 ac
1142 3835 1387 3903 demum,
1419 3835 1466 3890 si
1495 3852 1601 3907 qua
1630 3851 1855 3908 pauper-

254 3927 353 3985 tati
392 3943 524 3982 meae
556 3933 855 3998 suppetunt
890 3926 1089 3994 oﬁicia,
1123 3932 1399 3996 receptare
1443 3941 1455 3980 :
1500 3939 1611 3979 non
1662 3940 1855 3995 parum

252 4020 402 4079 enim
447 4021 709 4077 interesse
749 4021 934 4088 video,
969 4019 1317 4076 imminentis
1361 4017 1540 4074 noctis
1581 4015 1859 4088 angustias

254 4109 666 4184 quantumlibet
689 4110 790 4165 vili
820 4109 1110 4167 domicilio
1142 4117 1468 4180 temperare.
1499 4106 1623 4162 Non
1665 4119 1859 4176 asper-

254 4208 418 4258 natus
446 4217 693 4273 personae
733 4200 1074 4273 qualitatem,
1125 4196 1387 4254 successit
1445 4195 1689 4268 hospitio
1740 4210 1753 4249 :
1805 4201 1859 4248 et

255 4306 377 4362 quas
404 4288 510 4345 sibi
536 4304 567 4343 a
586 4303 822 4360 paupere
852 4286 1335 4358 impendebantur,
1377 4285 1641 4358 obsequia
1678 4282 1857 4339 libens

255 4378 492 4451 excepit.
512 4378 646 4433 Erat
674 4377 760 4433 illi
786 4377 844 4433 in
867 4376 1086 4448 peculio
1108 4390 1271 4432 vacca
1292 4381 1507 4431 tantum
1535 4381 1587 4430 et
1617 4373 1818 4428 titulus
1842 4389 1853 4426 :

254 4483 662 4539 conversusque
713 4466 781 4521 ad
837 4480 1065 4521 uxorem
1102 4482 1114 4519 :
1146 4465 1219 4519 Et
1274 4479 1387 4518 non
1441 4462 1729 4533 intelligis,
1758 4460 1857 4528 ait,
1894 4504 1937 4561 Β

256 4563 527 4629 quantum
558 4554 861 4626 susceperis
900 4551 1172 4625 hospitem
1209 4568 1221 4606 :
1257 4551 1540 4622 accingere
1570 4550 1774 4621 itaque,
1807 4556 1861 4605 et

206 4729 209 4732 .
330 4699 351 4725 τι
378 4678 701 4736 C(enobium
726 4678 1013 4805 intelligit,
1036 4675 1182 4749 quod
1218 4674 1360 4747 apud
1392 4674 1711 4730 Suessiones
1730 4672 1859 4728 San-

254 4757 471 4805 ctorum
504 4749 748 4805 Medardi
797 4766 861 4805 ac
946 4747 1217 4804 ebastiani
1267 4746 1518 4805 reliquiis
1556 4744 1858 4801 celeberri-

254 4757 471 4828 ctorum
504 4749 748 4828 Medardi
797 4766 861 4806 ac
892 4745 1227 4828 Sebastiani
1254 4745 1518 4828 reliquiis
1556 4745 1858 4828 celeberri-

255 4837 411 4894 mum
436 4821 581 4889 fuit;
615 4821 682 4877 de
711 4837 819 4894 quo
852 4821 1011 4894 plura
1042 4815 1405 4875 Mabillonius
1446 4817 1503 4873 in
1548 4815 1859 4872 Annalibus

256 4892 483 4966 passim.

1579 5016 1947 5030 —————-

1968 1848 2348 1920 objurgatione
2378 1845 2697 1914 verborum,
2729 1860 2830 1901 cur
2875 1843 2983 1899 sibi
3036 1842 3213 1916 pridie
3259 1840 3561 1913 hospitium

1968 1938 2267 2010 negaverit,
2298 1951 2522 1990 severus
2542 1932 2805 2005 exquirit.
2834 1933 2952 1989 Rex
2978 1940 3200 2002 stupore
3230 1930 3445 1987 deﬁxus
3476 1930 3560 1985 in-

1965 2027 2195 2100 torpuit,
2244 2025 2462 2096 virique
2513 2022 2826 2080 constantia
2875 2023 3166 2089 attonitus,
3216 2038 3247 2076 a
3301 2037 3562 2093 responso

1965 2117 2183 2172 defecit.
2216 2116 2356 2170 Tum
2388 2115 2693 2171 Germanus
2723 2113 3046 2168 auctoritate
3087 2111 3348 2179 mirabili,
3382 2113 3562 2182 Egre-

1966 2204 2114 2271 dere,
2147 2203 2348 2273 inquit,
2381 2210 2435 2256 et
2465 2210 2678 2272 sceptra
2706 2200 2859 2271 regni
2892 2199 3110 2255 meliori
3148 2199 3424 2271 permitte.
3460 2200 3564 2255 Illo

1967 2291 2277 2358 haesitante,
2310 2288 2614 2344 Germanus
2642 2288 2837 2342 baculo
2867 2295 3216 2343 cunctantem
3249 2287 3558 2357 impellens,

1969 2377 2300 2451 Egredieris,
2323 2376 2400 2431 ait
2424 2394 2436 2443 ;
2467 2384 2521 2432 et
2547 2374 2690 2432 sicut
2708 2375 3001 2431 deﬁnitum
3018 2383 3231 2432 constat
3251 2392 3281 2429 a
3299 2376 3558 2444 Domino,

1968 2482 2311 2539 nequaquam
2359 2464 2616 2536 deinceps
2664 2463 2723 2519 in
2777 2472 3040 2520 mternum
3092 2472 3362 2536 potestate
3417 2466 3567 2536 regia

1967 2557 2227 2613 abuteris.
2260 2555 2532 2612 Barbarus
2562 2555 2948 2611 auctoritatem
2999 2556 3281 2612 caelestem
3322 2554 3380 2610 in
3426 2556 3566 2610 Prae-

1968 2646 2085 2702 sule
2104 2645 2488 2712 reformidans,
2504 2662 2631 2701 cum
2652 2643 2885 2716 conjuge
2909 2651 2962 2699 et
2977 2643 3168 2700 liberis
3187 2642 3565 2700 indifferenter

1971 2737 2052 2808 (id
2087 2742 2160 2791 est
2187 2736 2306 2792 sine
2335 2736 2624 2808 dilatione)
2652 2735 2949 2807 egreditur,
2983 2735 3171 2807 palatii
3200 2736 3344 2791 fores
3372 2744 3565 2792 reten-

1969 2835 2083 2881 tare
2109 2826 2264 2882 nulla
2293 2827 2520 2899 posthac
2548 2829 2762 2882 ratione
2797 2832 3043 2885 conatus.
3067 2828 3205 2880 Tum
3233 2825 3559 2893 Germanus,

1968 2932 2078 2972 uno
2118 2932 2187 2972 ex
2224 2915 2513 2987 discipulis
2548 2914 2783 2983 directo,
2823 2915 3116 2970 subulcum
3164 2930 3291 2969 cum
3333 2911 3567 2984 conjuge

1967 3012 2193 3072 evocat;
2231 3014 2394 3076 atque
2434 3005 2698 3061 universo
2746 3010 3000 3075 stupente
3037 3002 3264 3073 palatio,
3314 3001 3372 3056 in
3412 3000 3565 3072 regni

1964 3094 2184 3151 culmen
2235 3094 2537 3166 componit.
2591 3094 2678 3148 Ex
2732 3109 2796 3147 eo
2835 3099 3082 3162 tempore
3126 3090 3184 3145 in
3234 3089 3563 3145 hodiernum

1964 3198 2117 3254 reges
2156 3199 2222 3238 ex
2255 3183 2472 3239 subulci
2504 3197 2698 3253 genere
2737 3179 3088 3251 prodeuntes,
3120 3178 3331 3234 nationi
3380 3178 3566 3233 Brito-

1966 3289 2098 3327 num
2150 3271 2491 3338 dominatur,
2534 3272 2646 3325 Deo
2680 3286 2777 3342 per
2826 3269 3047 3324 beatum
3096 3269 3429 3325 Germanum
3479 3284 3566 3324 res

1966 3360 2234 3416 humanas
2267 3359 2596 3415 mirabiliter
2620 3358 2930 3415 ordinante.
2971 3359 3097 3414 Haec
3126 3356 3203 3414 ita
3239 3358 3385 3429 apud
3437 3357 3563 3412 Bri-

1968 3451 2213 3507 tanniam
2243 3450 2532 3506 catholicis
2564 3449 2764 3505 litteris
2790 3448 3085 3516 contineri,
3111 3449 3407 3520 praedictus
3424 3447 3561 3502 mihi

1966 3541 2254 3613 episcopus
2277 3538 2641 3611 jurisjurandi
2685 3539 3106 3611 interpositione
3154 3537 3442 3605 ﬁrmabat;
3472 3555 3562 3594 cu-

1960 3630 2053 3703 jus
2103 3629 2431 3703 probitatem
2461 3629 2692 3702 quisque
2741 3637 2997 3702 expertus
3044 3638 3144 3696 est,
3180 3627 3363 3685 verbis
3411 3628 3564 3683 illius

1966 3721 2129 3777 ﬁdem
2162 3720 2352 3777 cedere
2381 3721 2538 3776 nullo
2560 3719 2724 3776 modo
2742 3720 3021 3776 dubitabit
3051 3724 3090 3775 ι’.
3125 3720 3169 3776 Ο
3204 3719 3386 3774 virum
3419 3718 3564 3774 inter

1966 3809 2284 3866 mortalium
2315 3809 2533 3881 agmina
2561 3809 2895 3881 singularem
2937 3809 2947 3864 l
2996 3809 3039 3865 Ο
3070 3807 3351 3863 hominem
3390 3808 3564 3880 ipsius

1960 3899 2073 3971 jam
2126 3898 2442 3956 divinitatis
2488 3899 2742 3971 symbola
2787 3898 3203 3971 praeferentem!
3266 3898 3377 3953 Nec
3430 3902 3563 3951 dum

1968 3990 2167 4043 luteam
2216 3991 2416 4045 molem
2451 3989 2741 4062 deposuit;
2795 3996 2849 4044 et
2890 3987 3004 4061 jam
3056 4002 3181 4042 cum
3232 3984 3453 4042 Christo
3497 3984 3564 4040 de

1970 4075 2175 4129 mundo
2205 4076 2469 4142 decernit,
2500 4085 2792 4147 potestates
2820 4078 3060 4143 ordinat,
3094 4092 3258 4148 regna
3289 4074 3561 4148 disponit.

1969 4165 2225 4217 Insanum
2257 4170 2311 4216 te
2342 4164 2517 4233 palam
2546 4164 2865 4233 pronuntio,
2900 4165 3150 4234 quisquis
3171 4164 3428 4219 Germani
3454 4181 3563 4218 me-

1968 4251 2075 4306 rito
2112 4250 2342 4323 provehi
2373 4251 2605 4322 populos
2633 4249 2701 4304 ad
2730 4265 2895 4320 regna
2930 4250 3173 4304 caelestia
3202 4267 3357 4321 posse
3377 4252 3563 4322 despe-

1968 4359 2074 4410 ras,
2123 4357 2284 4414 quem
2332 4349 2579 4396 terrenos
2626 4338 2807 4394 adhuc
2861 4337 3153 4393 vehentem
3213 4346 3364 4393 artus
3411 4347 3564 4393 tanta

1972 4432 2213 4504 poluisse
2239 4428 2574 4487 consideras.

2041 4674 2062 4704 ιι
2091 4664 2197 4721 Adi
2229 4672 2413 4721 tamen
2440 4679 2560 4736 quae
2589 4662 2656 4719 de
2680 4661 2768 4719 his
2797 4660 3056 4718 omnibus
3076 4658 3132 4715 in
3156 4659 3566 4718 Commentario

1971 4739 2119 4795 dicta
2148 4744 2276 4794 sunt
2300 4734 2471 4810 supra
2494 4734 2521 4808 §
2555 4736 2605 4791 7.

1489 5113 1756 5186 LlBER
1829 5072 2322 5184 SECUNDUS.

862 5349 1246 5409 PROLOGUS.

330 5442 420 5500 83.
443 5440 650 5498 Prioris
672 5439 847 5497 libelli
863 5441 1002 5496 serie
1024 5456 1122 5512 pro
1153 5444 1317 5512 captu
1337 5437 1545 5511 ingenii
1571 5445 1855 5510 utcunque

258 5528 509 5596 decursa,
531 5525 826 5595 secundus,
849 5525 944 5598 qui
976 5532 1242 5597 superest,
1276 5524 1516 5597 privatas
1536 5523 1712 5596 poscit
1731 5538 1853 5595 ope-

178 5649 183 5653 -
259 5635 367 5688 ras,
398 5634 548 5675 nunc
598 5615 819 5691 quidem
876 5615 1145 5673 instanter
1190 5615 1561 5691 incipiendus,
1593 5613 1687 5672 sed
1743 5630 1853 5671 non

1964 5345 2128 5400 etiam
2175 5351 2572 5417 consequenter
2622 5342 2974 5399 omnifariam
3024 5341 3498 5398 consummandus
3551 5360 3561 5399 :

1964 5435 2222 5508 expensis
2250 5451 2486 5507 namque
2517 5434 2637 5503 his,
2657 5451 2778 5508 quae
2812 5450 2919 5505 prae
2964 5432 3221 5489 manibus
3252 5442 3561 5501 versantur,

1964 5523 2007 5578 si
2036 5539 2140 5596 qua
2160 5522 2417 5594 deinceps
2436 5522 2723 5593 apostolici
2754 5521 2929 5577 Patris
2957 5521 3132 5576 nostri
3157 5520 3353 5577 merito
3373 5537 3427 5576 se
3456 5521 3563 5575 for-

1965 5614 2124 5671 tassis
2148 5611 2491 5688 ingesserint,
2518 5612 2751 5688 impiger
2770 5628 3072 5689 exsequar;
3096 5628 3323 5689 quaeque
3346 5612 3564 5672 Divini-
