4074 6186
531 246 677 305 1247

1532 244 1772 304 HERICI
1812 243 2132 304 MONACHI
2170 240 2829 302 ANTISSIODORENSIS

3686 245 3839 303 1248

529 399 629 457 tati
656 408 911 474 praestare
930 399 1297 473 placuerit,ea
1323 398 1703 456 indifferenter
1733 400 1796 472 (ἰ.
1828 418 1873 457 e.
1902 400 2118 475 statim)
2163 417 2215 476 Α
2321 399 2410 457 85.
2437 397 2683 472 Cumque
2712 396 2981 471 plurimos
3010 402 3064 452 et
3091 394 3439 452 saecularium
3459 395 3568 453 hoc
3602 405 3863 471 tempore

527 488 745 546 schedia
788 488 978 546 indere
1022 505 1137 546 non
1183 488 1449 562 gravabor
1491 496 1530 545 ⁸.
1571 488 1774 547 Libens
1815 507 1952 548 vero
2004 491 2137 550 huic

528 580 797 655 astringar
824 580 1032 650 debito,
1064 595 1165 636 nec
1193 596 1257 636 eo
1296 595 1383 637 me
1415 580 1586 636 velim
1633 582 1811 638 eximi
1846 583 2133 657 unquam;

527 670 781 745 quodque
800 669 1086 739 solvendo,
1115 677 1168 725 et
1193 686 1477 744 nunquam
1499 672 1887 744 persolvendo,
1917 676 2136 733 utinam

530 764 771 821 vinculis
797 764 1027 820 emicem
1058 764 1325 836 corporis,
1380 776 1761 837 perseverante
1810 784 1937 841 erga
1993 769 2139 826 Ger-

530 855 679 913 mani
725 853 1048 911 memoriam
1089 869 1318 910 summae
1367 862 1421 911 et
1464 857 1803 932 perantiquae
1839 860 2136 935 privilegio

529 943 857 1003 sanctitatis.
889 943 1064 1001 Habet
1092 944 1189 1000 ille
1218 946 1404 1017 plures
1435 954 1588 1003 tanto
1616 951 1837 1021 negotio
1868 951 2131 1029 aptiores,

529 1036 619 1094 cui
649 1036 696 1093 si
725 1035 978 1092 deessent
1009 1034 1252 1107 propria,
1284 1042 1514 1101 externa
1542 1045 1686 1095 certe
1715 1038 1784 1094 ad
1816 1048 2012 1097 votum
2051 1043 2133 1099 ul.

529 1132 616 1183 tro
658 1125 1059 1182 famularentur
1086 1122 1385 1197 obsequia;
1432 1141 1646 1196 verum,
1677 1126 1807 1185 dum
1852 1132 2130 1203 quondam

525 1226 785 1277 tractaret
803 1216 1106 1287 saecularia,
1131 1225 1363 1275 noverat
1402 1235 1537 1276 auro
1558 1218 1768 1293 bibere,
1790 1233 2020 1282 noverat
2052 1225 2134 1282 in-

524 1310 741 1368 terdum
770 1318 824 1366 et
850 1308 1117 1366 fictilibus
1146 1308 1412 1381 prandere
1437 1328 1450 1377 ;
1484 1327 1722 1384 cumque
1754 1314 1954 1384 pocula
1989 1332 2134 1388 sup-

525 1408 773 1477 peterent
802 1415 1047 1473 gemmea
1074 1399 1334 1473 principi,
1368 1416 1481 1456 non
1511 1408 1699 1458 tamen
1728 1402 1993 1462 horrebat
2034 1424 2134 1479 pro

523 1499 769 1565 tempore
790 1490 849 1547 in
871 1490 1199 1564 multiplicis
1218 1507 1379 1548 usum
1407 1492 1706 1549 ministerii
1738 1495 1904 1552 etiam
1932 1497 2131 1571 ligneis

525 1582 629 1639 uti.
663 1582 783 1638 Non
814 1580 1213 1652 aspernabitur,
1247 1582 1433 1651 credo,
1469 1599 1567 1640 sua
1594 1585 1872 1657 praeconia
1902 1603 1999 1659 per
2027 1587 2133 1644 in-

524 1669 717 1728 ﬁmum
743 1678 797 1726 et
824 1670 1101 1743 elinguem
1128 1670 1341 1744 digeri;
1392 1671 1548 1744 cujus
1587 1681 1739 1730 tanta
1780 1686 1862 1734 est
1909 1676 2131 1735 merito-

527 1777 652 1820 rum
683 1760 877 1833 gloria,
912 1769 975 1817 ut
1003 1761 1176 1818 mutis
1204 1778 1422 1837 quoque
1446 1764 1580 1837 ipsis
1622 1766 1837 1839 copiam
1869 1766 1937 1823 de
1964 1785 2020 1824 se
2051 1769 2131 1824 lo-
2160 1785 2205 1845 Β

526 1849 732 1923 quendi
767 1850 1008 1908 sufﬁciat
1065 1851 1254 1924 largiri
1290 1869 1302 1908 :
1337 1853 1554 1927 eritque
1605 1853 1894 1926 dignitatis
1934 1874 2124 1930 genus,

520 1939 738 1995 modica
774 1939 841 1995 de
870 1940 1105 1997 modicis
1136 1957 1374 2010 sumere,
1406 1944 1498 2015 qui
1532 1960 1690 2015 posse
1723 1945 1909 2002 subest
1938 1948 2125 2020 ingen-

521 2027 599 2084 tia
628 2043 858 2099 quzeque
886 2028 955 2084 de
982 2029 1243 2085 maximis
1271 2038 1569 2102 receptare.
1608 2034 1726 2088 lam
1767 2034 1975 2090 dudum
2003 2053 2123 2107 pro-

519 2115 747 2187 ponenti
779 2115 961 2171 dicere
991 2116 1166 2170 multa
1191 2133 1248 2171 se
1279 2118 1532 2172 certatim
1576 2118 1857 2190 ingerunt,
1890 2139 2121 2195 quorum

519 2202 599 2259 nil
630 2200 805 2275 prius,
838 2202 919 2259 nil
949 2203 1354 2276 competentius
1402 2204 1579 2262 libelli
1623 2209 1903 2267 vestibulo
1932 2213 2125 2284 praefi-

519 2292 756 2365 gendum
787 2309 931 2362 reor,
955 2309 1119 2367 quam
1152 2294 1317 2364 illud,
1339 2311 1447 2369 quo
1478 2305 1638 2369 pacto
1668 2300 2123 2360 munificentissi-

519 2399 643 2440 mus
671 2382 833 2441 Pater
858 2390 1045 2441 noster
1068 2390 1257 2441 nostra
1286 2385 1508 2458 quidem
1541 2389 1807 2447 memoria
1847 2408 1950 2448 suo
1979 2393 2125 2450 sub-

517 2478 851 2535 veniendum
881 2476 1127 2536 decrevit
1157 2479 1299 2537 loco.
1331 2479 1397 2536 Ei
1428 2479 1509 2535 rei
1539 2481 1704 2538 talem
1731 2482 1902 2542 fuisse
1936 2502 2122 2544 conse-

517 2566 822 2642 quentiam,
855 2565 1102 2642 subjecta
1124 2566 1391 2623 relatione
1416 2566 1747 2626 declaratur.

1041 2690 1271 2750 CAPUT
1297 2690 1600 2749 PRIMUM.

524 2790 674 2845 Nova
700 2788 923 2844 ecclesias
950 2789 1004 2844 S.
1044 2789 1294 2845 Germani
1326 2790 1380 2844 in
1410 2791 1638 2847 coenobio
1667 2792 2124 2851 Antissiodorensi

733 2858 963 2927 fabrica,
997 2859 1272 2915 miraculis
1301 2866 1350 2915 et
1377 2870 1542 2934 coepta
1567 2870 1614 2918 et
1640 2865 1894 2936 confecta.

587 2963 677 3020 84.
703 2961 1069 3021 Chuonradus
1093 2963 1347 3036 princeps
1365 2965 1790 3035 famosissimus,
1806 2972 2016 3045 collega
2039 2989 2119 3029 re-

525 3068 676 3124 gum,
697 3060 752 3109 et
772 3051 918 3108 inter
940 3052 1197 3125 primates
1219 3054 1431 3110 aulicos
1456 3055 1703 3127 apprime
1733 3058 2002 3131 inclytus,
2027 3078 2123 3134 per

522 3143 581 3200 id
612 3144 876 3216 temporis
895 3144 1043 3216 regia
1073 3144 1453 3202 munificentia
1484 3146 1762 3218 maximis,
1787 3158 1840 3206 et
1865 3167 1962 3207 sua
1986 3169 2115 3209 con-
2149 3149 2192 3212 C

511 3232 695 3305 dignis
721 3233 1014 3291 nobilitate
1050 3234 1293 3307 fulgebat
1326 3235 1631 3294 honoribus
1682 3234 1723 3296 ".
1773 3238 1995 3314 Conjux
2028 3244 2111 3300 illi

509 3330 625 3379 erat
652 3323 963 3380 Adheleidh
983 3325 1229 3394 nomine,
1258 3326 1564 3398 primorum
1597 3336 1652 3385 et
1685 3330 1804 3403 ipsa
1843 3334 2110 3392 natalium

508 3414 735 3487 perinde
764 3414 943 3472 titulis
970 3417 1247 3489 gloriosa;
1279 3419 1481 3492 quippe
1514 3437 1634 3494 quas
1668 3423 1816 3481 avita
1843 3426 2114 3500 antiquo-

507 3520 630 3562 rum
655 3521 945 3577 procerum
966 3507 1203 3564 oriunda
1229 3511 1550 3583 propagine,
1578 3513 1929 3584 splendorem
1956 3534 2113 3589 gene-

508 3596 585 3650 ris
611 3597 1013 3668 augustissimae
1038 3597 1421 3683 aequiparabat.
1440 3607 1730 3659 stemmate
1760 3603 2053 3675 dignitatis
2074 3616 2108 3665 τ.

505 3683 771 3740 Iunxerat
813 3684 916 3741 hos
956 3703 1082 3742 cum
1133 3685 1379 3759 conjugii
1422 3688 1684 3758 charitas,
1734 3699 1850 3747 tum
1896 3694 2115 3752 socialis

506 3773 682 3844 gratia
704 3774 1018 3845 probitatis,
1053 3776 1400 3832 fortunarum
1431 3778 1853 3849 amplitudinem
1896 3783 2113 3857 religio-

508 3858 595 3917 nis
621 3860 679 3918 in
706 3862 903 3931 Deum,
928 3862 1326 3919 moderationis
1347 3862 1405 3917 in
1425 3864 1690 3922 saeculum
1712 3867 1954 3925 cultibus
1977 3886 2114 3926 exae-

506 3960 757 4023 quantes.
790 3953 928 4008 Mira
968 3954 1026 4007 in
1074 3952 1326 4024 personis
1372 3952 1727 4010 saecularibus
1774 3957 2111 4030 ofﬁciositas,

502 4035 696 4105 ingens
720 4034 965 4103 devotio,
997 4034 1408 4106 inexplicabilis
1459 4037 1588 4094 fidei
1650 4043 2007 4116 magnitudo;
2050 4052 2114 4106 ut

503 4120 732 4179 difficile
755 4121 1008 4194 judicare
1037 4124 1333 4194 sufﬁceres,
1374 4134 1498 4183 uter
1544 4144 1736 4186 eorum
1794 4132 1852 4189 in
1899 4137 2115 4210 religio-

502 4226 627 4267 nem
658 4211 903 4284 pronior,
929 4213 987 4268 in
1018 4221 1236 4271 sanctos
1265 4214 1590 4287 ferventior,
1612 4218 1673 4274 in
1715 4237 2016 4296 pauperum
2039 4229 2115 4285 di-

500 4300 782 4373 ligentiam
819 4300 993 4373 [Lab.,
1028 4302 1414 4377 indigentiam]
1456 4306 1736 4379 copiosior
1779 4325 2109 4389 appareret;

500 4389 576 4445 ita
630 4407 686 4446 se
735 4390 959 4463 pietatis
1008 4393 1292 4450 certabant
1340 4395 1541 4453 ofﬁciis
1598 4403 1928 4472 praevenire,
1984 4422 2110 4463 cum

499 4478 718 4575 fastigio
770 4479 1249 4575 dignitatis,_tum
1291 4482 1459 4540 etiam
1513 4485 1739 4545 virtutis
1783 4493 2109 4552 aemulanda
2136 4518 2184 4575 Β

496 4568 684 4625 studio
714 4570 975 4627 omnibus
1001 4572 1263 4643 potiores.

567 4665 1034 4756 :Sgiquid‘tamen
1058 4677 1180 4756 post
1209 4668 1419 4756 editum
1444 4671 1558 4753 hoc
1587 4690 1725 4756 opus
1752 4675 1819 4733 de
1864 4677 1920 4735 S.
1944 4680 2102 4756 _Ge_r-

497 4736 647 4810 mani
692 4736 977 4792 miraculis
1008 4736 1284 4795 notaverit
1326 4742 1576 4809 Hericus,
1614 4736 1669 4803 id
1708 4764 1833 4804 cum
1883 4736 2102 4810 schedis

496 4806 724 4901 periisse
766 4823 985 4901 necesse
1016 4817 1095 4864 est
1109 4828 1133 4901 ἑ
1167 4810 1278 4901 nisi
1306 4811 1439 4901 huic
1459 4806 1573 4901 ipsi
1601 4820 1754 4901 operi
1795 4806 2101 4901 postnun—v

495 4879 866 4964 cupationem,
887 4887 1049 4964 atque
1061 4880 1204 4964 adeo
1228 4882 1440 4964 obitum
1457 4879 2097 4964 Caroli:Calvi,gquaedam

494 4949 786 5026 ahjllerico
817 4949 1025 5026 inserta
1055 4951 1223 5008 fuisse
1252 4955 1393 5026 velis
1423 4957 1690 5014 miracula
1716 4978 1728 5026 ;
1764 4949 1844 5017 uti
1865 4949 2099 5023 ‘inserta

491 5020 667 5077 fuisse
701 5021 811 5076 alia
840 5021 1086 5093 quaedam
1113 5024 1432 5082 notabimus
1462 5044 1618 5085 num.
1655 5020 1744 5087 90.

564 5106 585 5135 "
616 5110 756 5189 Erat
800 5109 945 5164 enim
993 5110 1162 5189 frater
1206 5112 1793 5189 {udithm__l3avaric:e,
1843 5125 2096 5183 secundat

494 5181 690 5256 uxoris
742 5181 1089 5256 imperatoris
1128 5183 1394 5241 Ludovici
1441 5186 1542 5256 Pii,
1589 5205 1652 5245 ac
1682 5181 1874 5249 matris
1912 5181 2095 5254 Caroli

492 5250 678 5341 Calv;
706 5250 1107 5341 cui,_'.tanqua‘m‘
1125 5257 1466 5341 avunculus,
1480 5250 1760 5341 Com-udus
1781 5264 1875 5321 ille
1897 5250 2093 5341 magno

492 5333 608 5410 erat
630 5323 687 5410 in
699 5324 887 5410 pretio
911 5342 923 5380 :
949 5323 1110 5381 inulti
1135 5324 1404 5410 Qomitem
1427 5323 2086 5410 Parisiorumappellacnti

492 5396 574 5470 uti
605 5402 658 5474 et
691 5396 959 5476 seniorem
990 5413 1100 5476 _se_u
1137 5397 1429 5476 _Majqr_'er_n,
1463 5412 1711 5476 respectu
1741 5396 2092 5476 fili'i‘cogno-

494 5468 682 5541 minis,
716 5468 788 5541 de
834 5485 943 5541 quo
987 5468 1240 5541 inferius.
1274 5470 1415 5527 Vide
1457 5468 1905 5536 Sammarthanos
1946 5468 2086 5538 Hist.

489 5529 688 5587 domus
716 5529 958 5596 Fran'ciae
988 5539 1086 5596 lib.
1112 5556 1211 5610 vn,
1257 5541 1351 5598 ubi
1373 5542 1439 5599 de
1461 5529 2015 5608 filiisﬁliudo—v-ici

561 5625 586 5657 ρ
606 5617 732 5675 Fuit
758 5623 1067 5697 Adheleidh,
1098 5645 1193 5686 seu
1219 5631 1442 5691 Adelais
1469 5632 1586 5691 filia
1614 5634 1881 5697 Ludovici
1904 5639 1989 5698 Pii
2015 5657 2087 5700 ex

2248 488 2433 545 videas
2461 486 2780 545 ambitionis
2807 486 3058 543 fovendae
3083 484 3257 559 gratia
3283 486 3702 545 ecclesiasticas
3725 506 3863 562 prae-

2248 582 2479 637 lationes
2506 578 2723 635 inhiare
2756 594 2767 633 :
2801 577 2904 634 hos
2933 584 3120 633 nostra
3155 583 3483 649 tempestate
3512 579 3600 635 vel
3634 579 3861 651 primos

2246 673 2335 729 vel
2364 671 2510 729 solos
2530 668 2825 738 exstitisse,
2848 683 2980 742 pace
2999 674 3332 725 cunctorum
3346 667 3616 737 dixerim,
3648 671 3754 745 qui
3779 688 3860 728 sa.

2245 777 2467 820 crorum
2490 761 2737 818 locorum
2771 766 3023 832 suscepta
3050 764 3340 832 potestate,
3370 774 3485 814 non
3506 760 3685 831 magis
3715 777 3858 834 pra:-

2245 868 2360 909 esse
2391 852 2416 888 ά
2445 852 2744 921 voluerint,
2779 866 2940 923 quam
2968 846 3224 923 prodesse
3251 866 3266 916 ;
3302 863 3404 905 nec
3431 850 3678 906 astuanti
3708 868 3856 908 ava-

2243 941 2386 999 ritiae
2415 956 2699 999 servorum
2731 939 2831 997 Dei
2877 937 3229 1012 oppressione
3279 937 3622 1007 satisfacere,
3656 956 3858 1000 verum

2245 1032 2564 1104 obrepentes
2588 1030 2701 1086 illis
2726 1028 3063 1101 indigentias
3086 1026 3331 1101 propriis
3350 1028 3551 1102 opibus
3569 1040 3669 1087 aut
3697 1034 3851 1104 peni-

2242 1129 2333 1179 tus
2361 1118 2672 1188 excludere,
2704 1126 2799 1175 aut
2840 1116 3208 1174 tolerabiliter
3230 1124 3561 1191 temperare.
3596 1120 3735 1190 Hoc,
3771 1140 3856 1181 me

2242 1218 2479 1280 tacente,
2508 1209 2712 1282 ubique
2758 1216 3027 1264 terrarum
3075 1205 3307 1264 diversae
3349 1208 3707 1267 conclamant
3734 1212 3854 1270 Ec-

2242 1301 2442 1370 clesiae,
2474 1300 2674 1359 horum
2712 1298 3005 1356 devotione
3045 1297 3492 1370 incomparabili,
3521 1301 3614 1356 vel
3662 1316 3849 1357 rerum

2241 1391 2417 1465 c0piis
2440 1398 2633 1460 auctae,
2656 1390 2744 1448 vel
2777 1395 3226 1447 ornamentorum
3256 1391 3698 1462 competentium
3732 1392 3847 1463 glo-

2242 1482 2323 1538 ria
2339 1481 2658 1539 notabiliter
2683 1481 2981 1554 insignitae.
3012 1482 3186 1537 Locus
3202 1478 3260 1535 id
3279 1487 3466 1537 noster
3490 1482 3580 1536 vel
3604 1481 3849 1539 maxime

2241 1578 2599 1640 contestatur,
2628 1572 2723 1646 qui
2745 1570 3063 1628 eorumdem
3094 1569 3499 1643 multiplicibus
3526 1579 3731 1628 auctus
3756 1571 3844 1629 do-

2242 1663 2433 1733 nariis,
2471 1661 2766 1720 ordinabili
2787 1660 3114 1718 Divinitatis
3138 1659 3489 1733 providentia
3517 1659 3843 1734 hujusmodi

2239 1756 2407 1828 coepit
2436 1755 2667 1812 exordio
2704 1753 2983 1826 insigniri.

2306 1843 2394 1902 86.
2436 1847 2765 1904 Memoratus
2800 1843 3054 1917 princeps
3097 1859 3225 1900 cum
3269 1843 3327 1899 in
3377 1842 3494 1900 dies
3534 1845 3842 1917 magniﬁcis

2237 1934 2509 1990 honorum
2560 1934 2897 2006 profectibus
2952 1933 3250 2005 singularis
3294 1933 3576 1991 attolleret
3627 1934 3837 2008 apicem

2237 2024 2538 2096 potestatis,
2567 2024 2822 2097 contigit,
2841 2023 3112 2082 secundas
3143 2040 3230 2082 res
3262 2024 3416 2081 illius
3444 2025 3834 2097 extemporali-

2235 2122 2318 2170 ter
2358 2114 2621 2170 irruentis
2672 2115 3012 2171 incommodi
3042 2114 3295 2171 molestia
3327 2115 3688 2172 interturbari
3720 2117 3837 2171 :ita

2235 2219 2471 2276 namque
2498 2204 2664 2259 unius
2691 2204 2978 2261 oculorum
3006 2202 3192 2261 clades
3219 2203 3463 2260 immane
3501 2204 3830 2273 confecerat,

2235 2301 2297 2350 ut
2325 2292 2615 2351 accedente
2644 2301 2913 2366 tempore,
2950 2294 3118 2350 crassi
3156 2293 3493 2366 superductu
3528 2295 3831 2366 glaucoma-

2233 2383 2305 2439 tis
2336 2382 2545 2456 pupilla
2573 2383 2851 2452 deficiens,
2875 2399 3002 2440 cum
3023 2383 3226 2439 damno
3244 2383 3476 2439 luminis
3498 2382 3829 2440 intolerandi

2233 2472 2482 2547 quotidie
2509 2479 2855 2531 coacervaret
2875 2482 3168 2545 augmenta
3196 2472 3428 2529 doloris.
3458 2472 3649 2529 Turba
3671 2472 3829 2529 medi-

2232 2582 2422 2624 corum
2454 2583 2483 2623 e
2529 2566 2731 2640 palatio
2780 2566 3101 2639 cunctisque
3149 2564 3304 2638 regni
3351 2566 3604 2639 partibus
3650 2575 3831 2624 coacta

2231 2657 2594 2725 conﬂuxerat,
2627 2655 3025 2714 multiformem
3065 2657 3205 2712 artis
3229 2656 3583 2726 industriam,
3619 2657 3829 2715 collatis

2232 2746 2443 2818 peritiae
2474 2746 2710 2815 viribus,
2740 2746 2798 2802 in
2829 2746 3137 2821 principem
3177 2762 3507 2819 expensura.
3537 2746 3652 2803 Diu
3682 2747 3830 2803 mul-

2232 2841 2457 2909 tumque
2487 2836 2691 2911 absque
2728 2853 2906 2909 operae
2954 2836 3131 2909 pretio
3175 2836 3521 2905 laboratum;
3559 2834 3828 2911 quidquid

2231 2925 2485 2984 humanae
2516 2928 2623 2985 fuit
2642 2928 3017 3001 experientia,
3047 2929 3252 2986 frustra
3274 2936 3671 3001 consumptum
3699 2939 3779 2985 est
3807 2948 3819 2986 :

2231 3016 2307 3073 ita
2335 3018 2522 3074 adulta
2542 3018 2711 3091 pestis
2740 3018 2933 3091 visque
2964 3018 3213 3075 morbida
3246 3018 3449 3075 sensim
3477 3018 3821 3087 crudescens,

2231 3107 2482 3178 quamvis
2510 3109 3060 3181 spectatissimorum,
3094 3116 3148 3165 et
3171 3117 3301 3166 vota
3329 3117 3384 3167 et
3412 3125 3612 3165 manus
3639 3110 3823 3165 eluse-

2222 3204 2307 3252 rat
2334 3197 2693 3254 medicorum.
2710 3199 2901 3273 Itaque
2928 3199 3074 3274 quod
3094 3200 3231 3256 artis
3260 3207 3343 3257 est
3366 3200 3454 3256 vel
3483 3200 3808 3268 maximum,

2222 3290 2309 3345 vel
2341 3306 2681 3363 supremum,
2701 3290 2848 3348 ferro
2872 3292 3225 3366 cauterioque
3245 3291 3541 3365 agendum,
3560 3293 3711 3365 quod
3736 3309 3816 3349 su-

2223 3388 2455 3452 pererat,
2522 3381 2906 3439 decreverunt.
2974 3382 3236 3455 Princeps
3307 3399 3502 3455 urgere
3575 3384 3814 3451 factum;

2223 3471 2670 3545 quandoquidem
2691 3489 2756 3529 eo
2786 3474 2989 3530 sanitas
3018 3474 3411 3547 desperabatur
3435 3474 3663 3532 infecto.
3687 3476 3816 3532 Ten-

2222 3562 2390 3619 tando
2406 3564 2625 3636 negotio
2646 3564 2828 3622 dictus
2857 3564 2974 3622 dies
3002 3568 3090 3639 pie
3111 3567 3312 3640 impias
3329 3566 3673 3624 medicorum
3697 3584 3816 3641 pro-

2222 3652 2455 3709 vocabat
2484 3653 2782 3711 instantius
2814 3655 3064 3712 ofﬁcinas
3102 3657 3165 3729 (ἰ.
3198 3675 3242 3714 e.
3276 3656 3505 3727 ofﬁcia).

2293 3742 2381 3798 87.
2414 3743 2642 3816 Jamque
2670 3744 2886 3813 aderat;
2919 3762 3048 3802 cum
3084 3746 3181 3803 ille
3221 3746 3367 3803 inter
3394 3763 3547 3819 spem
3577 3754 3815 3802 metum-

2224 3847 2328 3905 que
2356 3831 2490 3886 satis
2518 3833 2737 3903 anxius,
2770 3841 2832 3890 ut
2862 3842 3080 3892 noctem
3125 3835 3239 3892 fere
3288 3844 3462 3893 totam
3509 3836 3816 3894 insomnem

2224 3926 2497 3991 exegerat,
2546 3922 2976 3979 antelucandum
3022 3944 3044 3969 ε
3085 3925 3359 3993 credidit;
3394 3926 3644 3983 caelestes
3672 3929 3819 4000 prius

2223 4012 2550 4085 quaesiturus
2577 4015 2829 4086 precibus
2869 4017 3189 4087 medicinas,
3219 4017 3289 4074 ad
3325 4019 3643 4091 sepulcrum
3676 4020 3821 4076 Ger-

2227 4101 2373 4156 mani
2401 4100 2707 4157 beatissimi
2730 4111 2986 4159 votorum
3009 4103 3204 4175 plenus
3234 4104 3493 4174 accessit;
3528 4104 3813 4163 fratribus-

2223 4205 2328 4262 que
2350 4198 2677 4247 nocturnam
2706 4192 2998 4250 stationem
3022 4208 3090 4249 ex
3120 4210 3272 4249 more
3293 4194 3699 4266 peragentibus,
3717 4194 3813 4249 diu

2223 4277 2393 4335 totius
2420 4287 2599 4352 strage
2635 4280 2881 4353 corporis
2905 4282 2964 4338 in
2993 4282 3242 4339 oratione
3271 4283 3812 4356 procubuit.Interea

2222 4366 2381 4424 dolor
2407 4369 2599 4426 saevire
2638 4370 2853 4439 acrius;
2891 4372 2985 4429 ille
3025 4379 3209 4430 tamen
3240 4373 3611 4430 nihilominus
3635 4380 3813 4444 coepto

2223 4457 2527 4528 persistere.
2572 4459 2749 4517 Locus
2794 4461 2979 4518 herbis
3025 4471 3141 4519 erat
3186 4464 3438 4520 consitus
3483 4463 3546 4520 τε
3583 4463 3673 4520 his
3719 4463 3815 4519 ille

2214 4545 2416 4618 injecta
2443 4564 2630 4618 manu,
2662 4550 2916 4623 captandi
2957 4552 3131 4624 gratia
3160 4554 3453 4627 refrigerii,
3483 4555 3711 4611 oculum
3736 4555 3814 4610 fo-

2213 4644 2390 4772 pricritrlil
2408 4646 2639 4728 conjuge
2662 4649 3059 4723 Ermengarde;
3083 4660 3145 4709 ut
3169 4651 3378 4709 ibidem
3393 4662 3643 4710 asserunt
3659 4654 3811 4710 Sam-

2213 4732 2295 4770 ma
2394 4733 2506 4772 am.

2211 4725 2506 4775 marthani.

2282 4787 2308 4822 ά
2333 4788 2720 4869 ξτωθηιβτεο
2744 4789 2919 4869 (more
2940 4793 3167 4869 illorum
3186 4802 3519 4867 temporum,
3540 4809 3669 4869 cum
3693 4797 3813 4869 pri-

2209 4861 2399 4937 mariis
2430 4861 2585 4932 regni
2620 4861 2939 4937 proceribus
2968 4861 3358 4922 tribuebantur
3384 4883 3415 4922 a
3444 4863 3671 4937 regibus
3694 4861 3813 4924 ab-

2206 4928 2386 5011 hstias,
2415 4928 2556 5060 swge
2599 4928 2763 4987 etiam
2793 4936 2977 5005 plures
3005 4937 3263 5008 singulis)
3299 4928 3551 4994 coenobio
3580 4937 3679 4994 uni
3714 4941 3806 4994 vel

2208 5001 2456 5060 pluribus
2530 5003 2769 5060 onradus
2809 5005 2901 5060 hic
2932 5014 3143 5060 noster:
3175 5025 3239 5060 ac
3268 5010 3335 5060 de
3384 5008 3718 5060 Lebrahensi
3756 5010 3806 5060 id

2207 5001 2456 5084 pluribus
2486 5001 2777 5084 Conradus
2791 5001 3153 5084 :hicnoster;
3175 5001 3252 5064 ac'
3268 5010 3335 5084 de
3382 5008 3725 5084 Lebgahensi
3756 5010 3812 5067 id

2208 5075 2538 5149 monasterio
2555 5075 3112 5146 probatMahillonius
3126 5081 3428 5137 Annalium
3444 5079 3806 5149 BB.tom.I[l,

2202 5144 2268 5198 ad
2299 5160 2387 5201 an.
2411 5146 2536 5213 853,
2557 5144 2709 5204 num.
2730 5148 2823 5213 5i,
2845 5149 2913 5204 de
2934 5150 3402 5208 Antissiodorensi
3439 5168 3570 5206 vero
3606 5168 3677 5207 ex
3702 5144 3810 5209 hoc

2204 5216 2325 5270 loco
2346 5216 2507 5272 Viola
2528 5218 2587 5273 in
2617 5220 3037 5277 ms.Antissiod.
3057 5221 3155 5276 ubi
3187 5222 3346 5278 illum
3381 5230 3639 5278 numerat
3657 5223 3809 5280 deci-

2202 5303 2354 5343 mum
2386 5288 2608 5344 tertium
2638 5291 2691 5346 S.
2730 5291 2982 5347 Germani
2999 5292 3502 5350 Antissibdorensis
3523 5293 3805 5351 abbatem.

2273 5358 2763 5438 '_A_n_telucc_mdum.
2800 5363 2882 5419 Ita
2909 5380 3038 5438 mss.
3070 5364 3448 5438 nostrizquasi
3479 5365 3550 5420 ab
3576 5372 3807 5421 antecu-

2202 5430 2424 5509 ζωῷ-ἰὰ
2445 5440 2527 5509 est
2555 5432 2732 5509 lucem
2761 5449 2859 5490 seu
2895 5436 3029 5491 solis
3057 5444 3241 5492 ortum
3275 5430 3601 5509 praevenire.

2269 5501 2586 5583 “consitus,
2620 5503 2807 5583 idest
2845 5522 3124 5583 respersus
3174 5525 3186 5563 :
3223 5501 3400 5583 neque
3448 5510 3611 5583 enim,
3640 5510 3805 5583 intra

2197 5574 2484 5653 ecclesiam
2536 5574 2807 5653 credibile
2854 5574 2949 5653 est
2987 5578 3183 5653 herbas
3227 5574 3485 5653 crevisse,
3520 5581 3802 5653 quidquid

2198 5644 2360 5703 Viola
2387 5661 2505 5718 cap.
2534 5645 2604 5703 26
2632 5647 2810 5704 visum
2861 5648 2933 5705 sit
2965 5666 2977 5706 :
3008 5649 3195 5707 herbis
3239 5658 3421 5708 autem
3462 5644 3802 5711 Sanctorum
