4074 6186
272 240 408 303 1249

1239 239 1333 298 DE
1370 236 1749 298 MIBACULIS
1788 239 1843 296 S.
1886 234 2228 296 GERMANI.
2302 272 2305 275 -

2378 238 2511 296 LIB.
2552 236 2596 295 Ι.
3465 238 3603 301 1250

270 396 357 451 vit
402 393 755 467 aliquandiu.
797 394 956 449 Horae
999 393 1225 466 paululo
1273 389 1559 462 interjecto
1588 433 1605 456 ,
1649 406 1874 447 manum
1910 400 1958 458 Α
1991 389 2149 445 vibus
2196 388 2530 445 informatur
2566 404 2627 445 ea
2666 386 3104 462 pulchritudine,
3165 403 3226 444 ea
3268 387 3592 446 subtilitate,

270 485 443 543 fronti
491 482 754 552 detrahit,
812 483 1106 556 herbisque
1155 482 1449 548 submotis,
1503 481 1879 539 omnimodam

269 591 398 632 cum
429 573 620 630 dolore
650 572 882 630 miratus
914 581 995 629 est
1023 573 1249 630 cessisse
1273 573 1589 647 caliginem.
1626 574 1707 629 Ita
1737 572 1880 628 beati

271 665 531 722 Germani
564 664 777 722 meritis
806 665 1048 737 principi
1067 666 1385 722 consultum
1417 664 1797 738 devotissimo,
1820 671 1882 720 ut

269 754 439 811 unius
468 771 637 810 usura
662 754 902 811 diluculi
930 764 983 812 et
1013 755 1255 812 minaces
1276 756 1618 813 medicorum
1648 764 1881 811 terrores

271 859 519 921 exueret,
573 859 626 908 et
672 852 887 924 integra
932 852 1096 925 sopiti
1150 853 1493 925 reparatione
1539 851 1768 908 luminis
1814 849 1880 908 de

272 951 470 1000 caetero
490 941 783 997 frueretur.
812 941 1026 997 Laudes
1046 941 1106 997 in
1124 944 1321 1011 Deum,
1347 949 1522 1014 grates
1543 941 1603 997 in
1628 948 1880 998 sanctum

272 1030 586 1087 funduntur
608 1029 974 1102 inexplebiles
998 1050 1011 1099 ;
1038 1019 1413 1104 collatumque
1432 1030 1761 1086 beneﬁcium
1783 1029 1880 1085 du-

273 1122 407 1195 plici
456 1122 822 1195 gratulatione
869 1123 1191 1197 suscipitur,
1237 1122 1385 1197 quod
1427 1131 1481 1180 et
1531 1121 1880 1194 repentinum

274 1215 519 1283 accessit,
544 1221 598 1269 et
620 1213 905 1286 impacatae
932 1215 1272 1271 valetudinis
1293 1214 1672 1271 inevitabilem
1698 1229 1878 1269 neces-

275 1314 512 1383 sitatem,
540 1314 690 1370 ultra
718 1329 882 1386 quam
913 1313 1060 1370 votis
1101 1311 1329 1386 aspirari
1362 1320 1596 1386 poterat,
1630 1311 1881 1368 circum-

273 1404 513 1478 scripsit.
545 1403 813 1477 Quodque
833 1414 966 1462 tunc
996 1404 1218 1476 quidem
1247 1420 1357 1477 prae
1393 1404 1648 1460 manibus
1673 1403 1881 1458 inven—

274 1503 392 1551 tum
436 1504 553 1565 est,
605 1495 854 1551 armillas
900 1511 1091 1551 aureas
1135 1511 1289 1551 sacro
1332 1496 1584 1567 sepulcro
1635 1493 1877 1562 obtulit,

272 1584 587 1641 devotionis
606 1601 739 1640 vero
758 1593 978 1641 tantum
999 1595 1052 1643 et
1068 1585 1467 1642 benevolentiae
1489 1600 1614 1657 erga
1629 1590 1880 1640 sanctum

271 1674 525 1748 concepit
556 1675 762 1745 locum,
796 1682 1065 1748 quantum
1098 1683 1284 1748 postea
1312 1691 1496 1732 rerum
1526 1677 1720 1747 ingens
1744 1688 1882 1745 pro-

1991 496 2111 554 quae
2151 478 2317 551 digna
2350 481 2670 551 angelorum
2703 479 3103 552 hominumque
3140 494 3285 551 rege,
3315 495 3434 552 quae
3454 496 3594 536 san-

1989 578 2203 627 ctorum
2216 569 2595 642 collegio,quae
2608 569 2780 641 ipsius
2800 569 2966 624 etiam
2988 568 3097 625 loci
3117 566 3397 639 majestate
3421 577 3584 625 esset.

1988 659 2262 733 Expensis
2289 658 2728 730 competentibus
2761 659 3102 732 praeparatis,
3144 665 3432 713 exactores
3483 673 3593 712 ma-

1992 748 2256 823 gistrique
2276 763 2502 820 operum
2527 747 2879 818 deliguntur;
2907 766 3143 822 quorum
3164 745 3463 821 irrequieto
3484 755 3594 803 stu-

1992 840 2105 910 dio,
2137 854 2462 911 summaque
2493 836 2759 892 instantia
2798 837 3135 893 immensum
3171 853 3308 909 opus
3346 833 3597 892 incredi-

1988 928 2089 984 bili
2116 928 2396 985 celeritate
2418 925 2718 1000 peragitur,
2742 932 2897 981 tanta
2932 924 3200 980 facilitate
3214 940 3420 993 rerum,
3443 930 3597 979 tanta

1988 1019 2271 1077 alacritate
2300 1019 2653 1085 animorum;
2685 1026 2747 1074 ut
2778 1017 2839 1073 in
2860 1022 3121 1089 promptu
3143 1021 3284 1072 esset
3316 1015 3594 1086 omnibus,

1990 1110 2248 1168 divinum
2277 1109 2497 1181 negotio
2516 1108 2861 1165 concurrisse
2890 1107 3157 1162 favorem.
3186 1106 3262 1160 De
3292 1101 3450 1175 cujus
3470 1118 3597 1175 qua-

1990 1201 2146 1259 litate
2201 1201 2421 1258 fabricae
2462 1200 2638 1255 multa
2675 1198 2875 1267 forent,
2914 1213 3033 1270 qua:
3062 1194 3131 1252 ad
3170 1194 3387 1250 laudem
3416 1193 3597 1266 operis

1985 1291 2110 1365 jure
2139 1290 2340 1349 litteris
2370 1289 2798 1357 mandarentur;
2818 1304 3013 1344 verum
3037 1284 3167 1359 quia
3196 1291 3249 1339 et
3281 1282 3457 1339 oculis
3474 1283 3597 1339 sub-

1984 1388 2134 1463 jecta
2174 1395 2275 1458 est,
2309 1395 2364 1445 et
2392 1388 2506 1444 fere
2538 1386 2801 1443 omnibus
2829 1386 3256 1457 circumquaque
3282 1378 3593 1447 notissima,

1990 1478 2325 1553 parcendum
2364 1479 2424 1534 in
2462 1477 2668 1534 talibus
2714 1475 2928 1550 paginae
2958 1491 3055 1548 per
3091 1471 3267 1545 magis
3293 1467 3598 1528 necessaria

1991 1570 2264 1642 posterius
2291 1569 2611 1627 dilatandze.

2061 1660 2150 1718 90.
2175 1659 2418 1717 Robusta
2442 1656 2735 1730 diligentia
2752 1655 3067 1714 confectum
3091 1668 3254 1726 opus;
3274 1648 3593 1723 multisque,

268 1768 428 1851 bavjt
443 1738 698 1826 effectus.
732 1738 831 1825 in;
861 1769 938 1825 ita
964 1738 1266 1842 explicitis,
1296 1768 1356 1825 in
1384 1767 1469 1825 sui
1493 1738 1636 1840 juris
1664 1738 1886 1823 recessit
1916 1766 1961 1827 B
1991 1749 2302 1851 Opiflllfmte
2330 1751 2465 1848 wa,
2497 1747 2714 1851 Sfef‘alﬂifi
2739 1745 3067 1846 ἀξπεξῐιιτιιξη
3098 1738 3597 1851 εδιιρῐξΐόἀίζρτίη·

272 1860 582 1917 latifundia.

345 1951 433 2007 88.
473 1950 621 2007 Exin
670 1968 803 2007 vero
862 1950 1202 2025 quotidianis
1256 1948 1602 2023 processibus
1645 1948 1881 2005 intimus

272 2040 547 2097 crescebat
575 2040 757 2111 ardor,
800 2056 1008 2097 novum
1050 2039 1388 2113 perindeque
1431 2038 1630 2096 decens
1665 2035 1878 2111 aliquid

270 2129 479 2198 moliri,
517 2129 666 2202 quod
709 2136 762 2185 et
792 2146 903 2183 suae
942 2145 1038 2199 par
1071 2129 1357 2183 devotioni
1388 2136 1440 2183 et
1477 2127 1623 2182 beati
1653 2127 1880 2183 confes-

266 2220 412 2277 soris
440 2218 797 2276 commodum
830 2217 1089 2273 existeret
1111 2217 1390 2289 dignitati.
1417 2217 1530 2271 Piis
1554 2217 1621 2272 de
1651 2218 1765 2270 Deo
1793 2232 1880 2270 co-

271 2312 539 2384 gitatibus
569 2311 786 2367 felicem
818 2326 929 2367 non
968 2309 1152 2366 deesse
1192 2309 1427 2377 exitum,
1459 2306 1627 2379 hujus
1665 2323 1881 2381 quoque

268 2408 549 2474 proventu
587 2400 666 2456 rei
705 2400 1042 2457 declaratum
1082 2409 1194 2456 est:
1239 2399 1562 2455 excellentis
1602 2396 1880 2452 memoria

270 2489 565 2562 eonjugem
608 2488 861 2558 advocat,
894 2488 1410 2560 communicatoque
1448 2503 1574 2544 cum
1614 2503 1678 2543 ea
1706 2502 1881 2558 nego—

271 2582 373 2651 tio,
404 2581 539 2655 quid
566 2581 672 2637 sibi
704 2581 916 2638 sederet
960 2580 1166 2650 animo,
1200 2580 1403 2653 quidve
1434 2578 1749 2635 faciendum
1776 2576 1883 2633 de-

273 2678 540 2740 cerneret,
573 2670 885 2727 evidentius
915 2670 1216 2726 intimavit.
1250 2671 1349 2738 Ea,
1383 2668 1530 2742 quod
1558 2676 1698 2724 esset
1728 2667 1881 2739 inge-

274 2760 357 2817 nii
385 2760 701 2833 singularis,
723 2768 922 2817 etcum
951 2777 1171 2817 summo
1192 2761 1312 2816 loco
1334 2767 1482 2829 nata,
1518 2766 1636 2815 tum
1671 2757 1881 2829 ingeni-

270 2861 342 2909 tae
366 2869 582 2926 quoque
621 2853 929 2925 prudentiae
967 2853 1095 2910 dote
1122 2851 1418 2925 praecipua,
1453 2867 1568 2907 rem
1591 2850 1744 2905 illico
1766 2865 1885 2921 per-

275 2942 421 2998 vidit
448 2942 801 3000 acutissime:
843 2958 913 2999 ex
953 2958 1046 2999 ore
1093 2940 1360 3014 principis
1389 2941 1618 2997 verbum
1660 2941 1878 3012 rapuit;

274 3032 533 3106 quodque
581 3041 696 3089 erat
739 3033 1070 3105 inspiratum
1119 3032 1420 3101 divinitus,
1463 3031 1881 3089 accelerandum

272 3140 434 3197 quam
469 3132 649 3197 posset
678 3123 922 3179 maxime
954 3123 1223 3197 persuasit
1246 3140 1260 3191 ;
1287 3138 1344 3178 se
1367 3121 1536 3178 totius
1564 3122 1768 3177 molem
1791 3135 1882 3176 ne-
1912 3129 1956 3190 α

274 3214 409 3285 gotii
438 3214 746 3270 subituram
776 3213 1145 3271 libentissime
1171 3234 1182 3271 :
1214 3214 1261 3270 si
1294 3231 1399 3287 qua
1430 3212 1753 3269 viderentur
1775 3209 1880 3266 dif-

275 3304 463 3372 ficilia,
498 3303 663 3376 justis
699 3305 861 3361 facile
890 3322 1107 3363 cessura
1148 3305 1474 3370 desideriis;
1514 3304 1789 3368 futurum,
1823 3307 1887 3355 ut

280 3411 386 3464 res,
419 3410 731 3469 quanquam
756 3396 947 3463 ardua,
986 3396 1143 3451 brevi
1172 3394 1371 3465 cupitae
1409 3390 1763 3463 perfectionis
1792 3389 1887 3444 fa-

278 3486 505 3558 stigium
553 3485 848 3540 obtineret.
900 3484 1126 3538 Talibus
1171 3482 1447 3548 animata,
1495 3477 1888 3534 maturandum

278 3578 547 3642 credidit;
592 3574 880 3645 omnisque
913 3589 1080 3628 morae
1110 3572 1425 3644 impatiens,
1456 3570 1525 3627 ad
1564 3571 1711 3629 beati
1744 3572 1889 3627 Ger—

272 3666 426 3722 mani
456 3662 771 3720 coenobium
803 3678 871 3718 ex
903 3660 1063 3734 jussu
1101 3662 1369 3736 principis
1407 3662 1655 3735 profecta
1683 3679 1889 3738 perve-

274 3753 397 3821 nit;
429 3769 492 3809 ac
521 3750 762 3826 primum
800 3751 907 3809 loci
937 3752 1210 3825 positione
1229 3760 1512 3826 perspecta
1538 3753 1883 3827 diligentius,

275 3850 566 3916 postquam
609 3858 708 3898 suo
756 3841 903 3898 vidit
940 3850 1140 3899 cuncta
1189 3841 1524 3914 respondere
1564 3844 1843 3915 proposito
1871 3887 1887 3912 ,

272 3931 388 3988 dici
420 3948 533 3987 non
581 3939 778 4004 potest,
826 3938 1032 4004 quanto
1074 3948 1129 3987 se
1176 3931 1395 3987 fervore
1447 3930 1725 3988 addixerit
1769 3949 1891 3988 coe-

273 4021 389 4096 ptis
420 4021 711 4088 insistere;
774 4021 1075 4078 dummodo
1112 4020 1393 4079 Divinitas
1424 4020 1709 4095 religionis
1748 4021 1891 4076 ﬂexa

273 4109 737 4183 dispositionibus
770 4154 786 4180 ,
837 4110 986 4184 quod
1030 4111 1177 4169 velle
1224 4110 1450 4168 dederat
1485 4154 1500 4180 ,
1560 4126 1716 4183 posse
1780 4108 1891 4164 do-

275 4207 454 4256 naret.

348 4288 437 4345 89.
461 4289 594 4344 Erat
622 4289 776 4346 locus
808 4262 1051 4346 naturali
1081 4289 1321 4362 quodam
1360 4290 1473 4346 situ
1502 4286 1891 4346 commodissi-

276 4395 402 4435 mus
425 4398 439 4446 ;
469 4387 633 4452 atque
657 4396 689 4436 a
727 4388 879 4454 parte
908 4379 1183 4448 orientali,
1215 4380 1362 4437 clivo
1393 4379 1601 4436 montis
1623 4378 1893 4453 paulatim

276 4469 632 4539 lentescente,
665 4478 1043 4544 competenter
1071 4470 1282 4528 accline
1322 4470 1617 4542 pendulus,
1660 4470 1807 4524 ultro
1835 4485 1891 4525 se
1921 4494 1971 4553 D

275 4556 567 4630 cujusdam
594 4558 835 4631 ingentis
855 4559 1077 4616 fabricae
1106 4558 1565 4631 conceptionibus
1585 4557 1886 4630 ingerebat.

274 4651 367 4707 Ad
399 4652 640 4710 artiﬁces
674 4654 874 4709 talium
914 4652 1421 4726 experientissimos
1449 4669 1536 4709 res
1567 4652 1885 4708 confertur:

276 4740 480 4798 horum
523 4741 798 4798 industria
822 4741 891 4797 ad
920 4742 1031 4799 loci
1062 4740 1532 4815 opportunitatem
1574 4740 1884 4803 accedente,

276 4829 530 4902 concepti
583 4831 764 4903 operis
794 4831 1078 4904 exemplar
1107 4831 1422 4901 conﬁcitur,
1464 4839 1521 4887 et
1548 4829 1706 4904 quasi
1742 4846 1890 4903 quo-

276 4918 405 4975 dam
434 4918 703 4990 praeludio
736 4920 938 4977 futurae
968 4920 1141 4978 moles
1177 4919 1576 4994 magnitudinis
1602 4919 1743 4978 ceris
1769 4919 1889 4975 bre-

280 5052 580 5127 tumulos_a
598 5052 857 5127 fidelibus
878 5055 1161 5127 conspergi
1183 5055 1329 5127 olim
1340 5053 1721 5127 consuevisse,
1746 5068 1890 5109 con-

276 5134 388 5205 stat
412 5140 492 5205 ex
511 5123 873 5205 ‘S.’_Gr_egori.o
902 5123 1205 5205 Turo‘nensi
1247 5125 1305 5205 in
1339 5124 1739 5205 VitisAPatrnm
1765 5140 1883 5197 cap.

275 5199 335 5267 8,
368 5195 467 5252 ubi
497 5194 564 5267 die
585 5195 641 5267 S.
672 5194 889 5267 Nicetio
909 5195 1263 5267 Lugdunensi
1292 5212 1446 5251 num.
1480 5195 1532 5251 6.

352 5275 369 5295 '
407 5266 540 5323 Filii
583 5266 822 5323 Conradi
872 5273 925 5321 et
971 5266 1255 5324 Adelaidis
1310 5276 1420 5323 tres
1467 5272 1827 5321 numerantur
1871 5284 1883 5322 :

283 5338 715 5411 Welfoﬁscilicet
749 5339 867 5411 sive
905 5338 1253 5411 GuelIOLcui
1296 5345 1604 5411 paruerunt
1638 5335 1889 5411 coepebia

280 5408 415 5480 duo,
450 5408 783 5467 Centulense
812 5408 866 5465 S.
910 5408 1176 5478 Richarii,
1209 5425 1270 5467 ac
1296 5408 1361 5464 Β.
1395 5408 1674 5465 Columbae
1708 5408 1888 5480 Seno-

280 5479 479 5538 nenSe:
510 5482 792 5553 Conradus
817 5482 997 5553 Comes
1007 5481 1217 5553 junior,
1236 5481 1330 5553 qui
1349 5480 1604 5553 Guelfoni
1626 5479 1888 5553 defuncto

280 5556 341 5608 in
388 5552 711 5624 praefectura
740 5553 795 5609 S.
839 5549 1121 5624 Columbae
1168 5549 1450 5617 suffectus,
1498 5551 1690 5607 eodem
1726 5549 1887 5605 illum

282 5622 429 5680 anno
459 5623 667 5682 Christi
710 5625 813 5682 881
856 5622 927 5679 ad
966 5625 1328 5682 aeternitatem
1356 5632 1576 5681 secutus
1616 5629 1718 5692 est,
1749 5628 1888 5678 teste

1992 1841 2105 1915 cipi
2133 1839 2358 1913 ejusque
2374 1837 2552 1911 jugali
2570 1834 2982 1908 benignissimae
3016 1832 3386 1890 immortalem
3409 1829 3477 1886 de
3495 1845 3597 1887 cte-

1990 1942 2112 1991 tero
2158 1934 2299 1989 feret
2344 1929 2671 1987 memoriam
2716 1927 3060 1994 meritorum,
3099 1940 3330 1997 quorum
3369 1936 3597 1994 pronam

1991 2019 2555 2094 etincomparabilem
2584 2019 2644 2074 in
2674 2034 2775 2073 nos
2800 2018 3097 2088 locumque
3118 2022 3365 2069 nostrum
3385 2027 3456 2067 ex
3484 2008 3599 2065 ani-

1994 2130 2084 2170 mo
2110 2109 2580 2176 benevolentiam,
2612 2106 2953 2179 posteritatis
2982 2118 3199 2176 quoque
3232 2101 3456 2157 illorum
3491 2098 3599 2155 hae-

1993 2203 2256 2261 reditaria
2283 2201 2507 2257 devotio
2527 2197 2937 2270 comprobavit:
2972 2195 3078 2250 ﬁlii
3107 2195 3129 2219 “
3148 2192 3362 2250 scilicet
3391 2190 3600 2263 mquis—
3632 2248 3633 2251 η

1994 2282 2264 2349 simorum
2294 2296 2586 2361 parentum
2615 2294 2669 2341 et
2703 2284 2968 2357 probitati
3002 2289 3056 2339 et
3102 2280 3292 2354 pietati
3322 2297 3486 2363 quam
3514 2280 3600 2335 si—

1996 2380 2234 2437 millime
2261 2376 2655 2449 respondentes
2678 2392 2692 2442 ;
2727 2373 2931 2446 quibus
2950 2372 3097 2429 ultra
3115 2387 3299 2439 omne,
3323 2369 3471 2442 quod
3500 2367 3598 2423 bu.

1996 2486 2224 2526 manum
2257 2476 2358 2536 est,
2393 2467 2541 2524 idem
2576 2466 2732 2523 locus
2760 2470 2816 2519 et
2839 2462 3028 2518 animo
3055 2460 3199 2518 sedit
3225 2467 3277 2515 et
3319 2455 3597 2514 indicibili

1996 2577 2182 2618 amore
2204 2558 2563 2616 charissimus
2620 2555 2908 2615 evidenter
2939 2552 3231 2627 apparuit;
3276 2567 3434 2624 quos,
3473 2549 3601 2623 quia

1989 2651 2105 2725 jam
2134 2651 2346 2708 dudum
2375 2649 2696 2723 incipientis
2724 2646 3009 2706 felicitatis
3028 2651 3229 2702 nostrae
3258 2639 3602 2699 successibus

1996 2741 2365 2816 torqueberis,
2398 2741 2595 2799 acerbo
2622 2747 2932 2813 praeventas
2962 2751 3177 2804 occasu,
3210 2750 3346 2801 sors,
3378 2730 3599 2788 saeculo-

1996 2850 2121 2890 rum
2152 2832 2440 2906 provectui
2468 2848 2684 2905 semper
2711 2830 2922 2897 invida,
2953 2824 3247 2883 sustulisti.
3296 2822 3374 2878 Ne
3415 2828 3599 2876 tamen

1997 2940 2099 2980 nos
2127 2922 2448 2980 omnimoda
2473 2920 2857 2995 praesidiorum
2883 2934 2976 2990 spe
2998 2916 3349 2986 interceptos,
3382 2917 3445 2966 ut
3480 2925 3601 2966 cm-

1997 3030 2174 3086 peras,
2223 3025 2614 3083 usquequaque
2659 3013 3054 3081 prosterneres,
3101 3000 3342 3056 infrenes
3371 3005 3601 3055 conatus

1995 3085 2120 3159 tuos
2145 3108 2200 3157 et
2229 3101 2351 3158 dira
2384 3098 2676 3155 molimina
2704 3110 2889 3150 rerum
2909 3088 3372 3164 prudentissimus
3402 3085 3600 3143 mode—

1995 3200 2144 3248 rator
2194 3189 2381 3257 elusit,
2436 3187 2608 3253 hunc,
2649 3181 2744 3255 qui
2797 3180 2937 3237 ccelo
3000 3175 3262 3250 propitio,
3321 3184 3600 3248 superstes

1997 3282 2199 3350 adhuc,
2223 3279 2422 3335 vitales
2456 3275 2633 3348 carpit
2662 3288 2843 3342 auras,
2874 3277 3079 3327 nostra:
3118 3266 3360 3341 primum
3405 3266 3594 3337 saluti,

2001 3368 2305 3424 multorum
2336 3364 2542 3422 dehinc
2574 3362 2723 3431 usui,
2761 3367 3090 3417 cunctorum
3120 3364 3397 3431 postremo
3423 3352 3596 3428 profe-

2001 3458 2118 3516 ctui
2143 3455 2499 3514 reservando.
3550 3462 3559 3471 ·

2072 3557 2161 3614 91.
2194 3557 2245 3611 Is
2273 3561 2354 3611 est
2388 3553 2565 3625 Hugo,
2599 3557 2662 3607 ut
2685 3548 2887 3623 absque
2917 3543 3304 3603 assentationis
3332 3543 3461 3600 fuco
3493 3555 3599 3612 ve:-

2000 3663 2124 3703 rum
2146 3646 2337 3713 fatear,
2368 3652 2423 3701 et
2453 3640 2677 3698 nomine
2707 3648 2761 3697 et
2790 3636 2973 3696 olIicio
2992 3635 3157 3693 abbas
3182 3653 3194 3691 :
3218 3635 3285 3691 de
3307 3650 3416 3707 quo
3438 3632 3596 3707 quid-

2000 3738 2134 3811 quid
2163 3737 2378 3805 dixero,
2413 3735 2574 3804 longe
2603 3731 2749 3788 infra
2777 3728 3037 3786 meritum
3080 3726 3253 3798 ipsius
3292 3732 3409 3793 est;
3449 3740 3600 3797 prae-

2001 3837 2214 3903 statque
2242 3828 2310 3884 de
2337 3842 2403 3882 eo
2436 3825 2597 3883 silere
2625 3839 2721 3896 per
2736 3819 2942 3888 omnia,
2973 3832 3136 3890 quam
3158 3831 3353 3889 parum
3380 3814 3594 3872 dicere:

2003 3936 2179 3992 neque
2209 3919 2357 3975 enim
2388 3914 2686 3990 quidquam
2721 3926 2871 3968 nunc
2905 3908 2974 3964 de
3016 3923 3080 3963 eo
3122 3904 3471 3963 tractandum
3498 3920 3603 3961 su-

2004 4007 2213 4078 scepti;
2246 4007 2356 4062 nisi
2405 4004 2551 4078 quod
2595 4001 2800 4060 eximia
2849 3998 3051 4072 proles,
3105 3995 3336 4068 egregiis
3373 4010 3601 4051 manans

2006 4096 2368 4169 genitoribus,
2401 4094 2502 4149 hos
2527 4110 2690 4164 quam
2712 4090 2999 4148 simillime
3028 4095 3145 4144 tum
3171 4085 3459 4159 dignitate,
3481 4091 3600 4145 tum
3631 4092 3634 4099 ’

2007 4184 2255 4241 moribus
2302 4187 2674 4253 repraesentat.
2732 4180 2813 4232 Eo
2860 4179 3064 4233 factum
3096 4184 3196 4244 est,
3236 4183 3299 4232 ut
3336 4175 3598 4248 paternis,

2006 4284 2282 4334 annuente
2329 4276 2464 4341 Deo,
2514 4271 2775 4326 suffectus
2826 4264 3150 4332 honoribus,
3183 4265 3345 4319 avitae
3391 4279 3601 4319 memor

2008 4368 2216 4442 gloriae,
2249 4375 2303 4423 et
2330 4360 2614 4437 potestatis
2651 4368 2707 4416 et
2751 4353 3043 4431 probitatis
3088 4352 3277 4426 patriae
3324 4352 3601 4409 robustis—

2006 4441 2183 4515 simus
2199 4457 2373 4513 haares
2392 4453 2611 4520 existat,
2628 4451 2789 4507 beato
2804 4451 3119 4520 protegente
3139 4442 3431 4512 Germano,
3454 4441 3601 4498 votis

2002 4547 2207 4605 nostris
2228 4551 2664 4616 cunctarumque
2693 4536 2946 4595 ﬁdelium
2974 4533 3042 4590 ad
3080 4538 3281 4590 sanctae
3307 4531 3473 4589 decus
3498 4532 3600 4589 Ee-

2002 4638 2184 4697 clesiaa
2204 4644 2258 4693 et
2288 4633 2599 4693 diutissime
2627 4639 2683 4689 et
2716 4628 2956 4688 feliciter
2984 4623 3292 4690 ﬂoriturus,
3323 4620 3428 4678 Sed
3473 4636 3600 4678 me-

2002 4726 2236 4784 moriam
2258 4726 2413 4782 illius
2431 4722 2564 4791 viri,
2593 4735 2785 4778 omnes
2801 4717 2934 4774 anni
2960 4713 3243 4786 excipient
3260 4726 3600 4784 consequen-

2000 4823 2101 4873 tes.
2143 4815 2325 4874 Rebus
2353 4829 2482 4870 sane
2514 4810 2671 4868 suavi
2716 4808 2873 4879 lapsu
2927 4798 3349 4861 decurrentibus
3387 4794 3601 4869 jucun-

2000 4902 2133 4959 dum
2173 4903 2352 4960 fuerat
2373 4903 2498 4975 (pro
2516 4897 2684 4969 esses)
2715 4892 3000 4952 immorari
3025 4889 3174 4960 ;.nisi
3197 4905 3282 4945 res
3307 4886 3500 4943 ordine
3521 4899 3600 4941 se-

2000 5047 2325 5106 Mabillonio
2340 5046 2401 5103 in
2419 5039 2820 5115 Annalibusad
2836 5054 3041 5115 annum
3073 5037 3235 5115 illum
3266 5049 3416 5115 num.
3434 5032 3602 5115 53,ac

1999 5104 2224 5176 tandem
2254 5119 2430 5189 Hugo,
2455 5116 2523 5172 ab
2543 5113 2802 5189 abbatiis,
2832 5127 2966 5184 quas
2982 5110 3173 5189 plures.
3195 5104 3413 5189 habuit,
3433 5105 3601 5175 vulgo

1998 5175 2180 5248 Abbas
2216 5175 2434 5261 dictus;
2468 5188 2564 5261 qui
2592 5201 2720 5261 cum
2743 5175 2906 5261 juxta
2932 5175 3080 5261 mox
3119 5175 3370 5261 dicenda,
3416 5190 3602 5261 super-

2003 5269 2144 5319 esset
2170 5262 2323 5318 solus
2348 5252 2783 5330 haec’scribent'e
2817 5252 3035 5330 ﬁerico,
3067 5252 3340 5330 sequitur,
3390 5255 3451 5301 ut
3480 5261 3604 5330 quae

2001 5318 2072 5391 de
2094 5332 2207 5389 illis
2222 5332 2315 5389 hic
2336 5331 2669 5397 referuntur,
2704 5327 2814 5383 huc
2831 5318 3035 5381 inserta
3059 5318 3360 5397 fue'rinnt‘ab
3379 5318 3602 5375 auctore

2002 5388 2192 5476 nostro
2226 5411 2349 5476 post
2377 5418 2583 5476 annum
2613 5388 2748 5476 881_,_
2770 5407 2827 5476 et_
2842 5404 3201 5476 ante__annum
3223 5388 3601 5476 886,.quo‘se-

2001 5460 2247 5534 cunduni
2281 5475 2522 5530 Annales
2548 5460 2936 5527 Bened'ictinos
2963 5467 3117 5538 Hugo
3145 5461 3377 5538 decessit
3398 5460 3417 5518 Ξ
3439 5460 3604 5538 adeo-

2079 5564 2108 5604 e
2137 5555 2198 5602 ut
2236 5546 2369 5602 huic
2415 5542 2566 5617 operi
2614 5542 2712 5617 diu
2765 5548 2889 5615 post
2935 5532 3135 5597 factam
3192 5533 3388 5593 Carolo
3431 5532 3603 5592 Calvo

2041 5618 2409 5676 edicationem
2443 5613 2791 5673 accesserint.
