4074 6186
540 239 567 299 1
591 235 693 299 251

1543 222 1785 288 HERICI
1822 221 2141 289 MONACHI
2181 218 2844 287 ANTISSIODORENSIS

3706 222 3866 292 £252

532 403 756 454 cutura:
803 409 1006 466 pronos
1066 391 1124 448 in
1170 392 1506 463 voluptatem
1552 389 1765 445 animos
1818 397 2128 446 avocarent.
2160 392 2209 451 Α
2232 386 2337 443 bus
2365 386 2683 444 residerent.
2733 388 2815 443 Ita
2856 386 3164 444 beatissimi
3202 386 3459 443 Germani
3490 387 3603 445 ﬁde
3632 387 3695 445 in
3728 398 3863 449 tuto

597 485 685 541 92.
711 483 877 555 Operi
908 481 1198 556 magniﬁce
1219 479 1517 545 elaborato,
1552 479 1600 534 si
1630 494 1737 551 qua
1764 479 1983 535 ornatui
2006 479 2124 536 fore

525 582 787 649 poterant
819 617 834 641 ,
868 570 1267 628 instantissime
1296 568 1654 640 parabantur;
1693 575 1747 622 et
1776 568 2034 639 quoniam
2066 567 2123 623 in

526 672 715 718 nostra
747 660 1034 734 provincia
1064 674 1401 713 marmorum
1431 657 1589 729 c0pia
1620 656 1847 712 minim‘e
1875 665 2121 729 suppete-

524 751 638 819 bat,
685 750 743 805 in
776 750 1001 805 remotis
1032 747 1147 803 haec
1188 747 1482 819 quaerenda
1512 745 1829 816 regionibus
1857 746 2124 803 decreve-

526 848 674 897 runt.
701 841 813 896 Hac
843 839 909 895 de
929 856 1089 895 causa
1112 838 1331 910 quidam
1357 838 1589 892 fratrum
1620 836 1942 909 periculosae
1961 854 2122 910 expe-

528 929 758 988 ditionis
799 929 884 984 bis
926 928 1161 997 aggressi
1208 926 1612 993 dilIicultatem,
1648 925 1901 998 interque
1940 934 2121 983 vastos

528 1017 781 1075 Rhodani
814 1017 1053 1088 gurgites
1084 1016 1187 1072 iter
1229 1017 1453 1087 plenum
1493 1014 1834 1071 discriminis
1873 1016 2126 1071 subeun-

526 1116 628 1174 tes,
660 1106 964 1173 Arelatum,
989 1122 1052 1160 ac
1079 1104 1278 1160 deinde
1308 1103 1626 1172 Massiliam,
1650 1120 1770 1175 qua:
1796 1112 1877 1160 est
1906 1104 2124 1160 Gallia-

524 1213 650 1252 rum
671 1195 888 1263 ultima,
921 1200 1300 1266 perrexerunt.
1333 1192 1546 1259 Quibus
1573 1208 1634 1248 ea
1662 1193 1771 1247 fuit
1802 1192 1974 1248 animi
1995 1209 2122 1248 con-

526 1284 687 1353 ditio,
716 1292 769 1341 et
796 1299 986 1340 omnes
1013 1282 1356 1351 acerbitates,
1388 1289 1614 1337 cunctas
1644 1298 1827 1337 rerum
1861 1282 2121 1337 insolen-

524 1373 649 1439 tias,
674 1382 922 1428 extrema
941 1380 1086 1428 certe
1102 1372 1288 1427 omnia
1308 1370 1509 1427 ferrent
1538 1388 1649 1426 non
1681 1372 1858 1426 solum
1882 1371 2118 1439 fortiter,

525 1480 717 1519 verum
747 1463 911 1520 etiam
942 1463 1197 1519 libenter.
1231 1463 1314 1518 Ibi
1346 1462 1664 1534 iungentibus
1685 1461 1960 1533 congressi
1983 1461 2121 1533 peri-

522 1554 682 1622 culis,
717 1555 890 1608 multa
917 1562 1060 1621 astu,
1092 1553 1266 1609 multa
1293 1569 1449 1621 ausu,
1489 1551 1689 1608 callide
1724 1550 1978 1620 audaces,
2031 1568 2123 1608 au-

522 1641 708 1698 dacter
757 1643 946 1699 callidi
998 1650 1346 1716 superarunt,
1418 1659 1615 1715 magna
1671 1644 1877 1711 omnia,
1924 1660 2123 1715 magno

2233 477 2440 549 degunt
2467 477 2692 545 omnia;
2716 492 2993 550 genusque
3008 477 3263 534 miraculi
3284 487 3387 547 est,
3418 495 3506 536 res
3529 478 3858 538 discrimini

2232 565 2508 639 expositas
2536 582 2693 623 secus
2724 567 3030 639 periculum
3064 583 3177 623 non
3207 567 3407 639 perire.

2302 658 2391 714 94.
2424 659 2539 714 Hoc
2560 658 2639 726 ita
2665 668 2965 731 comperto,
2994 658 3211 715 animos
3241 658 3541 731 angoribus
3561 659 3855 728 relevant;

2234 745 2413 801 locum
2460 748 2668 803 alacres
2714 755 3022 820 expetunt;
3074 747 3368 820 peculiaris
3418 764 3623 804 nomen
3668 750 3859 807 Patris

2232 838 2381 895 notis
2428 838 2716 895 affectibus
2756 841 3241 912 complectuntur;
3295 839 3532 895 orationi
3588 839 3857 896 devotius

2231 925 2635 996 incumbentes,
2684 944 2782 1000 pro
2824 928 3119 999 praeteritis
3170 926 3372 998 gratias
3414 925 3703 996 referunt,
3756 945 3855 1000 pro

2231 1016 2434 1071 futuris
2478 1023 2608 1071 vota
2654 1014 2998 1087 concipiunt.
3050 1014 3142 1071 Sic
3168 1031 3225 1071 se
3270 1031 3477 1087 suaque
3520 1017 3715 1072 omnia
3760 1034 3858 1090 per

2233 1103 2455 1174 gloriosi
2503 1104 2829 1175 protectoris
2861 1104 3120 1160 meritum
3152 1105 3268 1161 Deo
3299 1105 3633 1162 familiarius
3680 1124 3854 1163 com—

2234 1194 2574 1263 mendantes,
2607 1194 2811 1251 littoris
2842 1202 3100 1266 repetunt
3128 1195 3419 1251 stationem
3450 1214 3463 1263 ;
3497 1212 3627 1252 cum
3659 1198 3851 1254 subito

2232 1281 2447 1338 visibus
2508 1281 2939 1353 circumquaque
2998 1281 3226 1338 directis
3278 1326 3295 1351 ,
3364 1293 3660 1357 prospectu
3725 1303 3848 1342 cer-

2233 1378 2393 1439 nunt,
2444 1370 2760 1427 universam
2809 1371 2950 1427 aeris
2994 1371 3427 1440 inclementiam,
3479 1375 3633 1430 ultra
3677 1391 3846 1447 quam

2233 1459 2436 1530 sperari
2482 1469 2716 1532 poterat,
2764 1459 3158 1532 precubuisse;
3212 1469 3425 1531 ventos,
3462 1463 3847 1537 elementaque

2233 1549 2438 1618 omnia,
2472 1549 2779 1623 perniciosa
2805 1549 3020 1606 feritate
3048 1549 3317 1622 deposita,
3347 1552 3405 1606 in
3422 1554 3660 1624 priscam
3695 1571 3845 1611 man-

2232 1638 2474 1694 suevisse
2524 1638 2868 1711 temperiem.
2918 1639 3029 1695 Nec
3060 1654 3231 1706 mora,
3282 1639 3486 1696 alacres
3529 1642 3639 1697 iter
3682 1660 3845 1716 repe-

521 1740 789 1800 constare,
841 1732 1209 1805 audentesque
1258 1732 1479 1788 fortuna
1513 1730 1719 1803 juvari,
1766 1748 1878 1787 non
1918 1731 2125 1790 imme—
2160 1746 2204 1806 Β
2234 1733 2361 1781 tum
2399 1726 2768 1799 desperatum,
2801 1728 3254 1801 expromptisque
3298 1728 3367 1785 ad
3397 1729 3565 1786 fortia
3602 1732 3839 1803 viribus,

518 1834 717 1877 mores.
750 1821 1074 1877 Eruderatis
1105 1822 1287 1893 itaque
1322 1821 1685 1878 aediﬁciorum
1714 1831 1962 1879 veterum
2003 1822 2122 1877 cir—

519 1925 864 1981 cumquaque
882 1909 1077 1977 ruinis,
1102 1909 1377 1980 ingentem
1397 1926 1735 1965 marmorum
1751 1910 2120 1982 pretiosorum

516 1997 727 2066 copiam
746 1998 974 2051 obtentu
995 1998 1215 2067 partim,
1251 1998 1449 2067 partim
1468 1997 1644 2067 pretio
1674 2006 2079 2068 congregarunt
2102 2016 2116 2065 ;

516 2082 864 2152 oneratisque
914 2082 1152 2137 novibus
1200 2082 1381 2151 praeda
1410 2082 1775 2153 przeoptabili,
1822 2083 2121 2142 victorioso

517 2185 771 2226 successu
828 2177 1135 2241 coeptorum
1185 2168 1475 2225 audacium
1543 2171 1959 2228 memorabilem
2035 2173 2122 2231 bis

517 2265 733 2333 duxere
761 2262 1130 2337 triumphum.
1166 2265 1267 2321 Per
1311 2265 1418 2321 iter
1456 2265 1721 2322 horribile
1757 2268 2009 2325 divinum
2042 2270 2121 2327 eis

516 2369 628 2409 nou
660 2352 904 2408 defuisse
938 2352 1204 2422 favorem,
1242 2353 1627 2411 incunctanter
1652 2356 1929 2425 dixerim;
1972 2358 2120 2431 quod

513 2451 564 2499 et
597 2443 827 2499 minacis
860 2452 1133 2499 tumorem
1168 2444 1364 2516 pelagi,
1406 2452 1459 2500 et
1503 2444 1688 2501 inﬁdae
1735 2447 1913 2517 gentis
1961 2448 2120 2504 fero-

513 2531 655 2589 ciam
688 2533 911 2589 infracti
950 2534 1171 2602 animis,
1208 2534 1399 2590 infessi
1444 2535 1684 2603 viribus,
1729 2544 2108 2594 excesserunt.

516 2622 899 2694 Saepenumero
943 2624 1006 2681 B.
1058 2625 1319 2681 Germani
1365 2627 1853 2699 praesentissimum
1904 2645 2118 2685 sensere

512 2718 918 2788 patrocinium;
966 2732 1114 2784 cum,
1158 2713 1275 2786 ejus
1302 2714 1560 2770 invocato
1580 2714 1825 2783 nomine,
1858 2714 2117 2773 fatalibus

511 2805 755 2875 exempti
796 2803 1032 2870 casibus,
1066 2803 1286 2859 emirati
1335 2813 1485 2874 sunt,
1531 2821 1588 2861 se
1628 2803 1813 2861 subito
1860 2805 2117 2863 secundis

511 2894 738 2949 adversa
768 2901 1023 2951 mutasse.

581 2999 668 3057 93.
719 3000 821 3057 Vel
844 2998 1004 3068 illud,
1027 3000 1208 3072 quale,
1247 3015 1521 3072 quamque
1552 3000 1779 3058 evidens
1806 3004 1933 3072 fuit,
1967 3006 2114 3077 quod

2232 1816 2502 1873 secundos
2522 1818 2715 1890 pelago
2732 1819 2961 1889 exigunt
2983 1835 3196 1888 cursus,
3227 1820 3394 1876 semel
3421 1820 3618 1879 hausta
3641 1819 3842 1881 ﬁducia

2232 1906 2409 1962 securi
2439 1922 2685 1975 casuum,
2725 1915 2778 1963 et
2820 1907 3091 1980 quidquid
3133 1909 3534 1981 emergentium
3576 1911 3839 1970 obsistere

2231 2002 2442 2066 poterat
2470 1995 2862 2066 procellarum,
2898 2005 3148 2069 respectu
3173 1999 3457 2057 conciliati
3484 2002 3581 2072 per
3615 2001 3836 2059 Germa-

2231 2099 2365 2141 num
2402 2085 2683 2155 Numinis,
2724 2094 3150 2160 contemptores.
3202 2088 3480 2146 Straverat
3523 2092 3614 2147 ille
3647 2109 3837 2166 quon-

2231 2171 2358 2229 dam
2406 2175 2688 2231 sinistram
2737 2175 2955 2233 Oceano
3005 2179 3328 2235 Britannico
3366 2180 3664 2253 legionem,
3711 2199 3832 2239 cum

2230 2260 2380 2318 hunc
2404 2261 2473 2318 ad
2504 2264 2852 2336 pereuntium
2883 2266 3336 2326 instaurationem
3370 2271 3704 2342 populorum
3723 2281 3832 2329 ten-

2230 2350 2358 2407 dere
2409 2352 2686 2409 virulenta
2729 2356 2947 2429 antiqui
2982 2356 3157 2414 hostis
3190 2358 3496 2430 pervicacia
3538 2360 3829 2417 invideret.

2228 2439 2386 2498 Nunc
2424 2458 2641 2516 quoque
2672 2442 2795 2515 quis
2824 2443 3061 2515 dubitet,
3094 2446 3212 2519 ejus
3241 2447 3483 2517 virtutis,
3516 2448 3639 2521 ejus
3673 2451 3831 2506 exsti-

2228 2531 2359 2586 tisse
2397 2531 2604 2601 meriti,
2635 2533 2781 2606 quod
2816 2543 2939 2607 post
2980 2536 3250 2594 ﬂuctuum
3294 2540 3585 2612 repentina
3626 2539 3831 2597 discri-

2230 2621 2399 2691 mina,
2431 2623 2775 2682 conclamata
2804 2627 3116 2684 serenitatis
3139 2628 3337 2702 gaudia
3363 2631 3695 2687 reluxerunt
3714 2632 3742 2688 ?

2297 2710 2385 2767 95.
2417 2712 3006 2786 Miraculoproximum
3027 2716 3242 2790 judico,
3267 2719 3435 2792 quod,
3458 2721 3739 2792 perductis
3756 2720 3821 2777 ad

2227 2803 2407 2862 locum
2437 2807 2771 2867 destinatum
2804 2814 3189 2883 marmoribus,
3229 2816 3500 2889 quidquid
3537 2818 3831 2874 columna—

2227 2917 2350 2955 rum
2376 2899 2666 2960 devectum
2698 2913 2800 2975 est,
2843 2915 2996 2963 tanta
3024 2907 3299 2965 universis
3326 2908 3551 2967 fabricae
3580 2909 3827 2982 partibus

2226 2987 2552 3048 habitudine
2586 3004 2988 3066 convenerunt,
3016 3014 3081 3053 ac
3108 2997 3154 3053 si
3185 2998 3644 3072 indiscrepanter,
3676 3008 3749 3066 et,
3770 3008 3828 3055 ut

511 3100 541 3146 e
565 3090 758 3146 multis
777 3106 952 3146 unum
973 3090 1203 3148 decretae
1225 3090 1502 3147 sufﬁciens
1527 3091 2107 3151 credimusbrevitati‘l

2226 3078 2442 3148 dicunt,
2485 3083 2544 3139 in
2573 3101 2811 3157 unguem
2861 3088 3069 3145 eisdem
3098 3089 3233 3162 ipsis
3279 3091 3599 3149 deformata
3647 3092 3823 3160 lineis,

507 3176 780 3253 Expletis,
831 3197 930 3253 pro
992 3179 1193 3253 quibus
1236 3188 1612 3253 perrexerant,
1653 3198 1960 3254 regressum
2012 3184 2110 3241 in-

508 3271 845 3327 stantissime
876 3278 1230 3339 maturantes,
1256 3270 1437 3342 rapaci
1462 3270 1728 3327 Rhodano
1766 3288 1823 3328 se
1850 3276 2104 3331 commit-

510 3366 681 3418 tunt:
738 3360 826 3417 die
868 3360 1103 3434 quadam
1156 3376 1550 3417 conscensuros
1600 3362 1788 3418 navim
1842 3363 1977 3420 falsa
2016 3381 2108 3438 spe

511 3450 726 3508 diurnae
771 3451 1194 3523 tranquillitatis
1241 3451 1533 3521 matutina,
1575 3459 1638 3508 ut
1680 3453 1877 3522 solent,
1917 3471 2108 3512 serena

508 3540 868 3613 deceperant;
919 3548 974 3596 at
1022 3541 1207 3597 subito
1257 3545 1447 3598 coorta
1475 3551 1769 3615 tempestas
1797 3546 2103 3602 naturalem

506 3634 681 3706 pelagi
713 3633 918 3689 rabiem
940 3633 1251 3689 accedentis
1280 3634 1532 3705 procellas
1560 3634 1920 3692 concursibus
1964 3636 2106 3693 effe-

507 3723 670 3778 ravit.
707 3723 904 3793 Ingens
939 3722 1227 3778 universos
1251 3730 1430 3779 terror
1449 3721 1692 3795 impulit,
1722 3730 1982 3803 pertaesos
2007 3725 2104 3781 ﬂu-

501 3819 714 3881 ctuum,
748 3813 978 3885 pavidos
1006 3813 1377 3886 periculorum
1411 3830 1422 3867 :
1459 3828 1522 3867 ac
1551 3810 1793 3883 primum
1843 3813 2103 3868 nauclero

502 3902 697 3960 faciem
739 3904 1137 3959 elementorum
1191 3899 1512 3970 diligentius
1553 3897 1884 3968 exploranti,
1918 3898 2100 3956 visum

500 3998 603 4058 est,
674 4007 837 4061 quam
895 3996 1075 4061 posset
1132 3987 1436 4054 celerrime,
1511 3986 1859 4043 subeundum
1918 3988 2096 4059 littus,

502 4077 808 4133 cedendum
871 4076 1204 4144 discrimini,
1263 4084 1425 4150 atque
1479 4076 1710 4149 inceptae
1780 4086 1913 4136 tunc
1966 4081 2102 4152 qui-

501 4166 627 4223 dem
676 4166 1016 4239 navigationi
1072 4165 1446 4238 parcendum;
1513 4166 1662 4240 quod
1715 4166 2099 4225 vehementius

494 4258 661 4314 solito
684 4263 994 4315 commotus
1036 4273 1147 4326 aer,
1203 4256 1300 4312 vix
1358 4257 1504 4313 intra
1550 4273 1782 4330 sequens
1824 4258 2095 4329 triduum,

499 4347 778 4420 placidum
812 4347 1139 4421 patefaceret
1169 4347 1228 4402 in
1259 4346 1519 4403 fluctibus
1555 4354 1943 4403 commeatum.
1967 4348 2095 4408 Por.

495 4440 660 4496 rectis
680 4438 862 4513 itaque
884 4440 943 4495 in
974 4441 1198 4512 longum
1220 4438 1525 4509 obtutibus,
1549 4438 1780 4496 ecclesia
1807 4439 2088 4509 cernitur;
2121 4475 2169 4534 Β

492 4542 656 4601 quam
700 4538 893 4585 contra
921 4526 1234 4598 subeuntes,
1269 4536 1468 4601 optatae
1498 4528 1715 4585 telluris
1742 4536 1861 4585 tuta
1891 4536 2092 4587 tenue-

488 4630 639 4679 runt.
674 4623 934 4695 Egressos
968 4621 1337 4681 curandorum
1369 4637 1660 4693 corporum
1709 4621 1887 4678 acrior
1917 4638 2088 4694 urge-

488 4710 582 4767 bat
614 4711 914 4767 instantia:
952 4710 1020 4766 ad
1059 4710 1115 4766 id
1146 4710 1553 4782 procurandum
1593 4709 1828 4767 diversis
1872 4710 2089 4769 diversa

485 4799 889 4873 expetentibus,
921 4807 1264 4873 compertum
1293 4807 1376 4857 est
1422 4816 1455 4856 a
1510 4801 1617 4856 loci
1647 4800 1867 4870 incolis,
1902 4804 2087 4859 eccle-

484 4889 624 4946 siam
658 4889 835 4957 illam,
858 4889 1003 4946 beati
1025 4890 1284 4945 Germani
1306 4888 1530 4945 nomine
1545 4898 1599 4945 et
1616 4890 1829 4946 meritis
1852 4907 2081 4962 sacram,

485 4986 702 5036 tantum
742 4978 888 5051 apud
919 4977 1206 5035 universos
1262 4979 1582 5035 reverentiae
1632 4978 1961 5050 vindicasse,
2024 4989 2085 5037 ut

488 5087 652 5128 nemo
691 5071 759 5128 de
797 5069 962 5128 rebus
1009 5070 1078 5127 ad
1108 5069 1290 5128 locum
1333 5068 1735 5142 pertinentibus
1781 5070 2082 5145 quidquam

483 5176 836 5233 praesumere,
866 5175 1030 5216 nemo
1064 5160 1153 5216 vel
1196 5160 1477 5217 surculum
1522 5176 1552 5216 e
1589 5158 1958 5232 circumjectis
2004 5179 2081 5220 se-

483 5250 650 5322 pibus
681 5251 880 5308 audeat
909 5266 1209 5323 usurpare;
1237 5257 1400 5307 totam
1428 5250 1653 5323 insuper
1678 5250 1823 5307 ruris
1849 5252 2082 5309 circum-

484 5341 649 5410 positi
680 5340 945 5399 viciniam
987 5339 1268 5412 majestate
1296 5339 1402 5397 loci
1432 5339 1566 5397 adeo
1609 5347 1783 5397 tutam
1823 5341 2077 5412 existere,

485 5435 546 5483 ut
576 5428 769 5487 diebus
797 5434 886 5488 vel
918 5430 1174 5487 noctibus
1206 5430 1436 5503 integris
1464 5430 1793 5488 vestimenta
1821 5447 1918 5487 sua
1948 5447 2081 5503 pas-

487 5514 593 5571 sim
622 5525 739 5573 tum
756 5521 996 5592 sepibus,
1020 5530 1136 5578 tum
1165 5520 1452 5578 arboribus
1480 5538 1741 5595 suspensa
1767 5521 2077 5595 relinquen-

488 5607 591 5672 tes,
621 5605 822 5679 absque
849 5611 989 5667 furis
1034 5620 1186 5669 metu
1215 5612 1302 5669 vel
1333 5611 1578 5683 periculo
1624 5612 1861 5686 propriis
1889 5614 2079 5670 domi-

2220 3173 2501 3243 proposito
2530 3179 2916 3248 responderint
2944 3184 3269 3256 exemplari.
3305 3186 3368 3241 In
3394 3201 3633 3257 quarum
3661 3186 3824 3244 collo.

2219 3264 2433 3319 catione
2463 3266 2599 3338 quid
2627 3268 2774 3325 inter
2802 3279 3000 3329 caetera
3028 3274 3228 3330 mirum
3259 3276 3346 3332 vel
3369 3276 3599 3333 evidens
3618 3279 3821 3334 clarue~

2219 3350 2312 3420 rit,
2354 3352 2567 3411 aaslimo
2596 3373 2706 3412 non
2742 3362 3056 3420 tacendum.
3096 3364 3305 3420 Harum
3336 3381 3506 3421 unam
3535 3382 3648 3422 non
3680 3383 3819 3422 cou-

2218 3443 2526 3499 temnendae
2582 3447 2982 3520 magnitudinis
3017 3451 3135 3509 basi
3162 3454 3500 3527 impositam,
3541 3463 3822 3527 aggregata

2217 3529 2571 3589 robustorum
2617 3552 2805 3608 manu,
2853 3556 3087 3613 superne
3132 3540 3300 3599 ducto
3339 3542 3561 3612 fornici,
3607 3542 3818 3599 collatis

2216 3626 2451 3699 viribus,
2485 3629 2836 3701 inserebant;
2869 3635 3191 3709 cunctisque
3222 3652 3439 3693 summa
3468 3653 3572 3710 ope
3601 3637 3819 3693 nitenti-

2215 3716 2339 3785 bus,
2377 3735 2504 3774 cum
2527 3719 2643 3792 jam
2694 3738 2831 3794 pene
2876 3732 3056 3782 erecta
3097 3727 3440 3795 consisteret,
3485 3727 3626 3784 vicit
3663 3727 3820 3783 molis

2216 3804 2532 3865 immanitas
2552 3810 2921 3884 impellentes,
2946 3813 3169 3888 jamque
3205 3817 3392 3890 elapsa
3419 3818 3701 3887 manibus,
3727 3834 3820 3873 suo

2215 3900 2390 3973 ipsius
2417 3902 2475 3959 in
2519 3905 2738 3963 ruinam
2779 3910 3020 3981 pondere
3049 3912 3349 3971 ferebatur.
3392 3914 3545 3971 Metu
3588 3915 3819 3988 periculi

2213 4001 2487 4049 cesserant
2519 3995 2785 4066 universi,
2834 3999 3116 4057 frustatim
3150 4018 3283 4058 mox
3311 4002 3639 4060 conterendi
3670 4020 3822 4059 mar-

2214 4081 2383 4137 moris
2427 4083 2641 4156 lapsum
2679 4103 2792 4143 non
2822 4088 3025 4163 absque
3063 4089 3280 4147 doloris
3331 4090 3522 4148 intimi
3564 4095 3820 4166 scrupulo

2211 4169 2605 4240 praestolantes.
2654 4171 2928 4233 Praesente
2976 4179 3111 4246 Deo,
3160 4194 3249 4234 res
3292 4188 3485 4235 contra
3533 4180 3818 4251 opinatum

2208 4262 2403 4351 cessit;
2433 4265 2693 4339 quodpue
2718 4265 2962 4325 humana
2990 4286 3186 4327 manus
3210 4271 3442 4345 exsequi
3473 4273 3821 4351 nequiverat.

2207 4347 2414 4408 divinae
2448 4352 2677 4412 virtutis
2720 4373 2953 4415 occursu
3011 4361 3188 4416 multo
3242 4361 3470 4433 gratius,
3532 4347 3821 4434 multoque

2206 4437 2425 4495 facilius
2441 4443 2753 4502 confectum
2770 4454 2852 4502 est
2875 4465 2888 4515 ;
2919 4454 3232 4522 quantoque
3247 4449 3369 4521 prin
3380 4465 3407 4505 s
3425 4449 3641 4521 impetu
3660 4448 3819 4504 deor-

2200 4541 2322 4583 sum
2353 4529 2546 4600 ruisse,
2578 4539 2732 4590 tanto
2765 4551 2896 4591 mox
2924 4535 3043 4592 visa
3057 4544 3157 4605 est,
3188 4537 3393 4611 absque
3423 4537 3638 4594 visibili
3670 4556 3823 4611 pm

2197 4614 2362 4686 sidio,
2413 4620 2557 4677 mole
2602 4638 2701 4679 sua
2742 4640 2980 4696 superna
3030 4640 3330 4698 reposcere.
3383 4627 3465 4684 Ita
3510 4628 3634 4683 loco
3678 4628 3817 4712 ﬁxa,

2197 4705 2578 4768 inconvulsam
2628 4716 2886 4791 perennis
2932 4718 3185 4776 miraculi
3235 4719 3558 4777 memoriam
3606 4705 3814 4792 ingerit

2197 4815 2522 4872 speciosam.

2822 4975 3050 5038 CAPUT
3096 4978 3166 5038 Il.

2195 5078 2251 5136 S.
2304 5078 2561 5157 Germani
2606 5084 2988 5143 translationes
3009 5089 3287 5148 miraculis
3315 5092 3636 5157 illustratus;
3674 5108 3811 5149 san-

2263 5156 2467 5242 εφτεετη
2485 5170 2703 5242 9“qu
2727 5157 3001 5242 Amatoris
3027 5162 3277 5242 ερίξοορίι
3306 5170 3355 5219 ει
3385 5164 3589 5242 Prieni
3615 5156 3689 5242 gas
3724 5167 3810 5222 τί·

2267 5222 2432 5280 burtit'
2460 5222 2762 5299 martyrum
2791 5230 3032 5302 reliquid:
3050 5222 3138 5288 ‘ad
3166 5222 3281 5303 eius
3299 5235 3565 5291 ecclesiam
3591 5237 3809 5293 delatae.

2259 5347 2348 5405 96.
2388 5350 2637 5409 Perfecto
2668 5370 2848 5427 opere,
2890 5358 3212 5431 cunctisque
3251 5360 3504 5418 decorem
3554 5371 3811 5435 praeten-

2189 5435 2448 5497 dentibus
2487 5447 2900 5517 consummatis,
2942 5450 3357 5509 sanctissimum
3398 5462 3452 5510 et
3500 5462 3619 5512 toto
3666 5456 3808 5512 orbe

2187 5530 2561 5587 venerandum
2604 5550 2802 5608 corpus
2830 5538 2893 5594 Β,
2940 5539 3199 5597 Germani
3250 5542 3309 5597 in
3339 5551 3589 5615 cryptam
3640 5551 3805 5601 tanto

2186 5620 2518 5693 condignam
2554 5622 2833 5698 thesauro,
2882 5645 3078 5703 magna
3120 5633 3427 5692 ambitione
3475 5646 3798 5709 apparatus,
