4066 6190
208 247 344 307 i253

1156 252 1250 311 DE
1290 252 1666 315 MIRACULIS
1706 254 1759 314 S.
1803 253 2145 316 GERMANI.
2188 292 2256 302 —
2295 258 2428 319 LIB.
2472 260 2541 319 II.

3384 266 3526 329 1254

203 400 422 472 ingenti
466 398 855 475 obsequiorum
886 419 1082 475 genere
1111 407 1435 462 translatum
1483 414 1565 462 est
1590 415 1629 463 '.
1679 408 1795 463 1am
1828 416 1876 475 Α
1906 426 2049 480 saepe
2077 409 2214 466 dicti
2246 411 2552 484 saepiusque
2581 411 2801 468 dicendi
2823 412 2999 470 Patris
3030 417 3204 470 nostri
3232 420 3515 476 sanctissi-

203 493 414 550 dudum
451 495 674 567 quidem
705 505 831 554 ante
860 515 1034 557 annos
1062 500 1275 573 aliquot
1303 499 1324 527 "
1348 500 1505 573 jussu
1526 502 1801 560 Caesarum

204 583 386 639 Caroli
417 600 482 640 ac
514 585 782 643 Ludovici
809 596 827 617 °
853 589 922 645 ab
955 591 1255 647 Heriboldo
1275 590 1315 661 ⁸,
1345 593 1648 649 venerabili
1670 609 1801 665 pon-

200 671 368 740 tifice,
423 672 605 729 fuerat
652 682 1115 749 transmutatum;
1180 697 1306 738 cum
1353 699 1385 739 a
1431 690 1675 754 tempore
1713 681 1799 737 sui

200 762 496 830 transitus,
530 779 599 819 ex
649 782 757 838 quo
800 768 1063 825 Ravenna
1096 771 1330 827 relatum
1364 780 1464 840 est,
1507 788 1601 844 per
1628 790 1801 829 annos

200 849 423 907 circiter
448 867 576 908 cccc
607 853 665 908 in
704 857 893 913 eadem
923 861 1187 929 ecclesia,
1230 877 1339 933 quo
1371 862 1490 919 loco
1524 862 1800 934 primariae

200 942 497 1014 sepulturae
551 944 814 1002 traditum
875 948 1071 1019 fuerat,
1122 950 1439 1022 quievisset.
1477 951 1802 1007 Adfuerunt

198 1041 335 1090 tunc
382 1050 601 1107 quoque
639 1038 966 1096 meritorum
999 1040 1116 1112 ejus
1144 1051 1465 1115 argumenta
1493 1044 1792 1116 prazcipua,

197 1141 311 1182 non
332 1123 537 1196 absque
570 1125 963 1185 miraculorum
994 1130 1300 1203 privilegiis
1321 1133 1619 1188 solemnius
1638 1150 1801 1189 com—

197 1213 473 1271 mendata.
498 1214 728 1270 Pretiosi
744 1216 982 1290 denique
1000 1220 1238 1291 sepulcri
1256 1220 1472 1277 intimis
1494 1222 1795 1293 patefactis,

199 1303 274 1358 ita
290 1302 516 1358 demum
536 1318 734 1375 corpus
750 1306 1063 1362 venerabile
1084 1324 1207 1363 cum
1223 1310 1373 1364 omni
1390 1310 1543 1365 cultu
1562 1310 1799 1366 vestium

197 1390 495 1462 integrum,
528 1391 941 1459 intemeratum,
973 1402 1135 1469 atque
1164 1397 1315 1451 omni
1350 1396 1799 1470 incorruptionis

199 1494 393 1552 genere
414 1478 722 1551 speciosum
745 1484 1000 1553 apparuit
1023 1502 1036 1552 ;
1062 1494 1123 1540 ut
1144 1486 1374 1541 cuilibet
1404 1487 1594 1558 ignaro
1616 1503 1799 1542 rerum

197 1568 359 1625 facile
388 1569 703 1638 persuaderi
728 1572 993 1642 potuerit,
1027 1590 1216 1630 recens
1244 1573 1589 1643 defunctum,
1613 1590 1802 1631 recens

199 1658 420 1714 tumulo
449 1656 725 1728 abditum,
757 1661 1074 1719 recentibus
1102 1664 1555 1721 indumentorum
1578 1681 1801 1738 appara-

1918 522 2068 560 mum
2100 509 2436 564 mausoleum
2459 525 2488 564 a
2506 510 2625 565 loco
2648 509 2919 581 primariae
2941 512 3316 570 translationis
3337 514 3517 572 denuo

1915 594 2231 652 submotum
2262 604 2363 665 est,
2396 597 2463 653 ad
2493 599 2863 654 conditorium
2890 600 3344 672 suprascriptum,
3376 620 3519 662 nova

1914 702 2247 759 operosaque
2272 694 2631 759 praeparatum
2663 687 2969 760 diligentia,
3005 688 3242 761 publicis
3275 690 3519 747 cultibus

1914 777 2379 833 transferendum.
2412 777 2491 831 Ea
2520 793 2604 832 res
2636 778 2722 849 (ut
2758 777 2973 835 cunctis
3000 794 3136 850 pene
3163 778 3516 836 notissimum

1915 868 2017 937 est)
2048 865 2154 923 hoc
2182 864 2374 922 ordine
2398 864 2738 935 decucurrit.

1984 974 2072 1031 99.
2125 974 2439 1029 Ludovicus
2472 972 2780 1029 Germaniae
2836 989 2952 1042 rex,
2989 989 3020 1029 a
3050 975 3518 1033 trans—Rhenanis

1914 1061 2163 1133 partibus
2198 1062 2475 1116 violentus
2488 1076 2790 1132 emergens,
2814 1061 3069 1117 fraternae
3088 1063 3253 1118 sortis
3267 1081 3516 1136 regnum,

1914 1151 2264 1206 sanctissimo
2280 1149 2645 1221 jurisjurandi
2667 1150 3007 1214 interventu,
3029 1151 3163 1205 olim
3186 1153 3519 1209 Francorum

1908 1238 2125 1311 judicio
2155 1238 2541 1314 conﬁrmatum
2575 1239 2591 1272 τ
2617 1238 2821 1311 absque
2860 1239 2975 1293 ullo
3005 1248 3254 1310 respectu
3284 1241 3380 1295 icti
3408 1241 3521 1296 fce-

1914 1327 2080 1396 deris,
2128 1327 2455 1383 temerarius
2481 1327 2720 1382 inhiavit
2742 1336 2787 1383 8.
2810 1328 3047 1399 Egerant
3078 1327 3182 1383 hoc
3204 1327 3387 1383 inﬁde
3404 1344 3520 1399 per-

1915 1417 2184 1474 duellium
2213 1418 2498 1488 factiones,
2531 1418 2732 1491 quibus
2750 1434 2902 1474 mens
2931 1417 3155 1491 quidem
3186 1418 3387 1490 quietis
3420 1416 3519 1473 im-

1914 1507 2149 1579 patiens,
2191 1506 2372 1563 ferina
2427 1525 2560 1565 vero
2591 1508 2769 1564 rabies
2818 1516 2871 1563 et
2923 1506 3247 1580 inquietudo
3276 1506 3520 1563 bestialis

1914 1593 2181 1651 audiendi
2202 1594 2495 1667 quidlibet,
2516 1594 2770 1668 quamvis
2797 1593 3280 1662 immanissimum,
3304 1594 3449 1649 vires
3468 1600 3521 1649 et

1915 1686 2166 1740 animum
2198 1683 2591 1756 suggerebant:
2627 1682 2774 1755 quod
2804 1699 2975 1754 genus
3004 1681 3296 1739 hominum
3325 1681 3391 1738 ad
3422 1699 3518 1737 cae-

196 1745 351 1803 tibus
380 1746 830 1820 circumseptum.
866 1753 1115 1808 Accessit
1164 1752 1274 1809 huc
1304 1753 1511 1826 publici
1544 1754 1804 1827 splendor

1924 1773 2041 1829 dem
2075 1783 2128 1831 et
2155 1775 2453 1830 amentiam
2484 1774 2632 1828 ultro
2662 1770 3035 1845 proficiscens,
3066 1771 3290 1844 impiam
3320 1771 3522 1828 dexte—

196 1837 479 1904 miraculi,
506 1855 605 1910 pro
635 1840 722 1896 sui
750 1840 1132 1913 magnitudine
1164 1859 1275 1898 non
1301 1844 1543 1900 tacendi.

268 1928 359 1983 97.
414 1928 699 1987 Infelicem
749 1932 1064 2002 quemdam,
1099 1933 1186 1989 cui
1220 1934 1430 1989 Heleno
1464 1934 1797 1991 vocabulum

196 2015 329 2085 fuit,
354 2017 489 2074 adeo
509 2018 597 2075 vis
624 2019 899 2077 horrenda
930 2022 1259 2089 confecerat,
1287 2030 1347 2076 ut
1379 2032 1574 2093 preter
1598 2023 1799 2092 linguae

195 2100 256 2160 et
279 2107 502 2161 aurium
534 2109 778 2164 infausta
806 2110 1118 2182 dispendia,
1147 2111 1252 2165 atri
1283 2127 1502 2184 quoque
1531 2110 1801 2165 daemonis

193 2194 466 2251 violentia
496 2213 592 2268 per
621 2196 951 2252 diuturnum
982 2206 1197 2269 tempus
1217 2200 1412 2254 misere
1432 2210 1796 2272 torqueretur.

192 2283 428 2356 Jamque
477 2283 596 2355 ejus
638 2284 1005 2342 calamitatem
1053 2286 1308 2342 Creatore
1351 2288 1595 2359 propitio
1626 2289 1802 2344 mise-

194 2378 375 2439 rante,
410 2372 666 2443 contigit,
700 2388 825 2427 eum
873 2373 1252 2429 translationis
1307 2374 1638 2446 supradictae
1686 2392 1802 2448 spe-

194 2461 417 2517 ctaculo
452 2460 732 2518 interesse.
758 2463 809 2517 Is
832 2462 1101 2518 referebat
1124 2473 1331 2534 postea,
1354 2465 1500 2537 quod
1513 2466 1801 2522 ecclesiam

196 2558 284 2605 ter
324 2560 554 2607 conatus
584 2549 789 2621 egredi,
826 2566 1071 2621 personae
1109 2551 1395 2623 cujusdam
1426 2555 1608 2626 gravis
1640 2563 1693 2610 et
1715 2572 1804 2612 ve-

195 2636 465 2693 nerabilis
495 2655 731 2695 occursu
759 2646 844 2695 ter
872 2641 1043 2696 fuerit
1070 2642 1127 2697 in
1158 2642 1444 2699 ecclesiam
1486 2653 1797 2701 revocatus.

198 2726 524 2783 Verisimile
553 2737 655 2796 est,
689 2727 835 2784 inter
866 2730 1169 2802 malignum
1200 2731 1611 2805 benignumque
1633 2734 1806 2806 spiri-

196 2823 322 2872 tum
370 2817 437 2872 de
501 2817 769 2873 salvando
825 2819 914 2874 vel
962 2835 1074 2874 non
1129 2820 1395 2877 salvando
1448 2821 1692 2891 homine,
1737 2822 1807 2880 iis

198 2920 452 2977 egressus
483 2923 869 2980 regressusque
890 2908 1130 2979 vicibus,
1158 2900 1483 2983 aliquandiu
1513 2921 1808 2970 concerta—

197 3002 356 3062 tum;
391 2995 521 3051 dum
555 3005 607 3051 et
638 2996 771 3054 huic
798 3015 894 3055 vas
925 2999 1060 3055 olim
1100 3017 1408 3072 possessum
1442 3002 1711 3076 linquere,
1756 3010 1808 3058 et

197 3087 287 3143 illi
310 3087 535 3158 superni
564 3087 832 3144 facturam
863 3090 1112 3146 Artiﬁcis
1131 3091 1196 3147 ab
1218 3091 1448 3150 inimico
1469 3093 1642 3149 teneri
1673 3093 1809 3149 diu-

201 3176 319 3249 tius
365 3176 889 3235 inliumanissimum
924 3182 1240 3253 putabatur.
1274 3182 1541 3253 Regressu
1586 3181 1809 3237 tandem

198 3265 389 3334 tertio,
423 3275 680 3342 tanquam
715 3270 956 3343 impulsu
977 3271 1213 3345 quodam
1236 3271 1460 3328 adactus
1483 3271 1809 3340 violentius,

197 3355 258 3410 in
288 3356 667 3427 pavimentum
703 3358 848 3426 ruit;
887 3378 1124 3433 moxque
1159 3377 1275 3428 ore,
1299 3360 1549 3426 auribus,
1583 3376 1646 3417 ac
1668 3360 1809 3416 nari-

195 3444 302 3500 bus
338 3447 634 3517 praevalida
663 3450 880 3505 cruoris
918 3451 1187 3503 effusione
1226 3449 1490 3520 perduxit
1524 3448 1650 3522 [al.,
1687 3468 1808 3523 pro-

196 3534 395 3607 luxit].
426 3537 506 3591 Ita
536 3552 632 3606 per
660 3538 953 3592 obtentum
983 3537 1120 3608 ejus,
1144 3538 1304 3610 cujus
1330 3556 1483 3595 sacra
1508 3542 1804 3597 transfere-

194 3623 408 3679 bantur
437 3624 689 3694 pignora,
720 3626 971 3696 sospitati
1008 3625 1276 3694 redditus,
1318 3637 1372 3684 et
1414 3638 1564 3701 peste
1593 3630 1809 3686 daemo-

197 3714 297 3769 nis
327 3714 527 3782 earuit,
561 3722 614 3769 et
646 3717 1084 3773 necessariorum
1128 3736 1390 3776 sensuum
1416 3721 1668 3779 rediviva
1693 3724 1809 3779 mi-

201 3800 440 3856 nisteria
456 3801 513 3856 in
538 3801 807 3873 pristinos
832 3806 1038 3878 recepit
1076 3824 1227 3864 usus.

272 3888 364 3946 98.
397 3889 480 3944 Ad
511 3889 677 3947 fidem
726 3894 1010 3962 miraculi,
1054 3896 1249 3953 diebus
1296 3907 1484 3969 postea
1532 3914 1807 3973 superstes

193 3980 648 4053 quamplurimis,
705 3982 960 4040 beneficii
1002 3987 1241 4057 percepti
1274 4003 1385 4041 non
1423 3988 1806 4048 immemorem

193 4074 599 4133 conscientiam
631 4075 912 4149 obsequiis
942 4094 1052 4132 suae
1084 4077 1344 4132 tenuitati
1364 4082 1808 4151 competentibus

196 4162 352 4235 apud
404 4163 551 4221 beati
583 4165 842 4222 Germani
892 4166 1217 4223 memoriam
1252 4165 1573 4225 declaravit.
1604 4171 1806 4227 Actum

197 4257 284 4306 est
316 4250 423 4310 hoc
448 4269 597 4311 anno
623 4257 727 4312 Dei
766 4256 1011 4314 hominis
1058 4256 1191 4329 facti
1229 4257 1353 4326 841,
1406 4266 1666 4329 regnante
1690 4258 1805 4332 jam

199 4339 458 4410 piissimo
486 4343 705 4411 Carolo,
732 4344 960 4403 Caesaris
990 4346 1259 4403 Ludovici
1288 4347 1433 4415 filio;
1467 4355 1755 4421 postquam
1776 4366 1808 4406 a

198 4428 362 4485 civili
394 4434 584 4503 praelio
614 4444 633 4465 '
663 4451 939 4508 regressus
967 4438 1166 4506 victor,
1200 4447 1357 4494 extra
1393 4454 1583 4495 omnes
1612 4439 1807 4497 fratres

1914 1878 2029 1917 ram
2064 1864 2133 1919 ad
2174 1880 2363 1920 necem
2404 1862 2615 1920 civium
2660 1862 3080 1918 transtulerunt.
3124 1862 3350 1933 Jamque
3386 1860 3523 1916 uni-

1913 1953 2059 2009 versi
2093 1969 2228 2025 pene
2258 1952 2412 2024 regni
2443 1970 2696 2024 proceres
2724 1952 2791 2008 ab
2838 1953 2944 2008 isto
2993 1953 3061 2008 ad
3102 1952 3259 2008 illum
3301 1951 3522 2007 defece-

1913 2047 2072 2104 rant;
2103 2039 2359 2110 aequitate
2395 2039 2559 2107 nihil,
2614 2040 2827 2095 viribus
2854 2038 3111 2096 universa
3161 2038 3519 2115 constabant;

1914 2125 2081 2194 caede,
2113 2126 2342 2197 rapinis,
2366 2125 2642 2183 incendiis
2662 2136 2860 2184 cuncta
2889 2127 3237 2195 ferebantur;
3264 2145 3370 2183 non
3398 2128 3523 2183 illos

1914 2229 1946 2269 a
1964 2213 2160 2285 coeptis
2190 2214 2528 2270 immanibus
2543 2215 2978 2272 Christianitatis
2995 2217 3191 2272 titulus
3212 2217 3521 2289 revocabat,

1915 2320 2029 2360 non
2055 2304 2286 2360 humani
2312 2306 2710 2378 contemplatio
2741 2307 2982 2371 fmderis,
3016 2324 3128 2362 non
3156 2306 3358 2380 ubique
3380 2309 3520 2364 loco-

1916 2410 2037 2449 rum
2061 2393 2484 2466 praasentialiter
2512 2395 2709 2466 plenus
2736 2404 2789 2450 et
2818 2396 3055 2467 pleniter
3083 2412 3317 2468 praesens
3343 2413 3404 2452 ac
3428 2410 3523 2469 per

1916 2483 2023 2540 hoc
2053 2483 2241 2538 omnia
2272 2483 2506 2556 desuper
2535 2484 2847 2557 inspectans
2896 2487 3061 2553 Deus,
3119 2502 3229 2541 non
3287 2485 3521 2557 denique

1917 2571 2287 2629 consideratio
2322 2572 2520 2641 futuri,
2553 2581 2933 2630 consummato
2964 2573 3117 2642 orbe,
3148 2571 3347 2644 judicii
3378 2574 3524 2630 inter

1918 2659 2056 2715 bene
2087 2659 2315 2717 meritos
2363 2667 2417 2716 et
2464 2661 2608 2717 male
2656 2661 2905 2721 conscios
2934 2660 3105 2736 aequis
3137 2662 3387 2719 lancibus
3416 2680 3523 2719 ert-

1920 2751 2214 2823 pendendi.
3196 2750 3204 2772 '

1994 2874 2113 2930 100.
2148 2876 2298 2931 Inter
2325 2874 2443 2932 haec
2468 2877 2944 2933 mansuetissimus
2972 2893 3071 2933 rex
3107 2877 3354 2946 Carolus,
3389 2872 3521 2933 belli

1919 2961 2178 3036 pacisque
2206 2964 2420 3021 artibus
2448 2965 2727 3023 Davidicae
2758 2983 2973 3038 semper
3000 2968 3281 3024 modestiae
3309 2984 3523 3039 compa-

1920 3053 2145 3122 randus,
2176 3071 2300 3110 cum
2324 3071 2380 3110 se
2408 3043 2664 3111 fraternae
2684 3055 2930 3123 saevitiae,
2954 3055 3013 3109 in
3033 3055 3150 3111 dies
3171 3056 3524 3126 pertinaciter

1841 3150 1884 3210 Ο
1919 3142 2285 3210 crudescenti,
2320 3144 2578 3198 humanis
2606 3142 2780 3214 copiis
2808 3159 2878 3198 ex
2903 3160 3059 3214 aequo
3093 3160 3205 3199 non
3246 3162 3400 3215 posse
3428 3164 3524 3203 re-

1922 3230 2113 3286 sistere
2143 3231 2471 3302 pervidisset
2496 3249 2511 3298 ;
2542 3230 2759 3286 vicibus
2774 3231 2961 3286 omnia
2988 3232 3140 3287 volvi
3163 3248 3273 3287 non
3293 3232 3521 3303 inscius,

1921 3322 2270 3395 ferendisque
2296 3322 2516 3378 fortiter
2538 3323 2776 3393 casibus,
2808 3340 2890 3393 ac,
2917 3325 3031 3380 Deo
3063 3325 3323 3397 propitio,
3353 3343 3525 3397 supe-

1922 3343 2270 3395 rerenulsque
2296 3343 2516 3378 ioruter
2538 3343 2776 3393 casmus,
2808 3343 2890 3393 ac,
2917 3343 3031 3380 ueo
3063 3343 3323 3397 propitio,
3353 3343 3415 3382 su
3487 3358 3523 3369 -

1922 3412 2109 3468 randis
2137 3429 2168 3467 a
2192 3430 2361 3485 puero
2394 3423 2663 3483 assuetus,
2696 3413 3000 3471 cedendum
3032 3417 3264 3487 tempori
3295 3343 3523 3474 ΜΝΞ-Θει-

1919 3511 2009 3560 tus
2037 3513 2119 3561 est
2151 3504 2411 3576 (potius),
2445 3520 2610 3577 quam
2636 3521 2753 3572 suo,
2778 3521 2842 3561 ac
2878 3504 3194 3576 reipublicae
3210 3504 3519 3578 dispendio,

1919 3595 2079 3652 caecis
2112 3595 2550 3652 extraordinarie
2590 3596 2848 3667 periculis
2867 3596 3317 3654 incumbendum.
3337 3600 3524 3672 Itaque

1921 3684 2243 3754 salubriore,
2278 3693 2332 3741 et
2362 3685 2510 3759 quod
2540 3693 2753 3742 tantum
2776 3685 3001 3743 decebat
3030 3686 3357 3759 principem,
3384 3703 3516 3744 con-

1920 3774 2047 3828 silio
2077 3774 2372 3843 animatus,
2404 3774 2718 3847 posthabita
2752 3790 2845 3846 spe
2896 3774 3215 3846 temporalis
3241 3775 3523 3847 adjutorii,

1918 3864 1988 3920 ad
2008 3863 2265 3920 divinum
2293 3880 2350 3921 se
2369 3864 2685 3936 praesidium
2702 3864 2944 3920 contulit
2968 3881 2980 3931 ;
3000 3864 3133 3920 satis
3149 3865 3521 3936 perniciosum

1919 3954 2118 4021 sciens,
2152 3963 2213 4010 ut
2239 3955 2449 4012 divinis
2468 3955 2736 4025 diﬂidere,
2770 3955 2847 4010 ita
2876 3970 3092 4027 quoque
3110 3954 3370 4011 humanis
3391 3956 3526 4011 viri-

1916 4040 2023 4096 bus
2051 4042 2424 4100 inconsultius
2454 4046 2579 4101 niti.
2626 4046 2807 4116 Atque
2849 4044 2995 4100 inter
3022 4060 3175 4116 spem
3206 4053 3526 4118 metumque

1916 4133 2172 4203 conﬁnis,
2203 4135 2556 4206 expeditione
2596 4144 2898 4191 memorata
2942 4136 3087 4192 beati
3117 4136 3377 4194 Germani
3405 4154 3531 4195 cas-

1916 4222 2147 4278 nobium
2176 4224 2290 4278 Deo
2318 4229 2494 4277 tactus
2520 4219 2681 4278 adiit.

1948 4354 1952 4359 ‘
1992 4346 2113 4403 101.
2145 4346 2318 4418 Igitur
2345 4345 2455 4402 loci
2485 4361 2549 4401 ac
2564 4342 2828 4417 temporis
2856 4344 3270 4417 Opportunitate
3291 4354 3505 4419 captata

1921 4435 2063 4492 sacri
2090 4435 2507 4491 translationem
2532 4433 2781 4505 corporis
2818 4433 3022 4506 absque
3068 4434 3335 4491 dilatione
3366 4436 3524 4507 perii.

198 4534 335 4576 suos
365 4521 525 4593 regia;
568 4525 779 4596 apicem
809 4528 1011 4583 extulit
1040 4526 1341 4599 potestatis.
1386 4528 1459 4582 At
1487 4542 1631 4583 anno
1655 4526 1811 4599 ejus—
1840 4517 1890 4574 D
1920 4524 2169 4580 ciendam
2202 4522 2444 4581 decrevit
2473 4541 2486 4590 ;
2520 4521 2668 4595 quod
2698 4530 2752 4577 et
2779 4538 2891 4578 suae
2917 4523 3253 4579 reversionis
3278 4525 3523 4582 incertus

200 4605 333 4663 dem
366 4609 535 4667 Verbi
565 4613 837 4671 incarnati
872 4617 998 4686 859,
1022 4616 1115 4689 qui
1137 4625 1218 4673 est
1247 4616 1389 4687 regis
1417 4616 1598 4674 Caroli
1627 4632 1807 4673 nonus

202 4706 259 4754 et
301 4698 573 4773 decimus,
604 4706 939 4777 ampliﬁcata
976 4707 1164 4762 eadem
1206 4706 1459 4775 basilica,
1489 4713 1805 4779 cryptarum

209 4802 345 4858 que,
377 4796 438 4845 ut
465 4808 629 4864 supra
658 4794 927 4866 digestum
961 4803 1061 4863 est,
1096 4795 1513 4868 pulchritudine
1533 4794 1807 4866 decorata,

286 4884 305 4952 _‘
346 4877 510 4952 Anno
538 4882 749 4940 scilicet
778 4884 987 4941 Christi
1017 4885 1141 4952 859,
1174 4893 1236 4941 ut
1267 4902 1397 4940 mox
1427 4884 1664 4942 dicetur.

283 4946 306 5028 ξ
344 4948 550 5028 ῌρῐῃρεξ
584 4970 729 5028 anno
757 4955 965 5012 Christi
993 4946 1139 5026 84f,
1158 4964 1221 5012 ut
1250 4966 1522 5028 sequetur.

281 5020 931 5100 “‘LudoviciGermaniae
965 5020 1126 5098 regis,
1150 5029 1244 5100 qui
1268 5020 1449 5085 Caroli
1472 5027 1624 5100 Calvi
1646 5029 1813 5085 frater

208 5096 353 5171 erat,
389 5094 494 5171 sed
515 5096 691 5167 major
721 5106 872 5155 natu.
904 5107 966 5153 ut
1002 5094 1126 5169 pote
1153 5094 1223 5154 ex
1253 5099 1620 5168 Ermengarde
1650 5100 1813 5171 geni-

211 5168 304 5243 tus
337 5165 1042 5243 :_am_bo_aut_er_n_C(esaAres
1067 5165 1610 5243 appellantur,_quod
1642 5165 1811 5243 i'mpe-

207 5237 438 5309 ratoljs,
471 5237 737 5309 Ludovici
770 5240 850 5295 Pii
887 5237 1119 5309 scilicet,
1136 5237 1331 5296 essent
1356 5237 1481 5295 ﬁlii.

283 5302 307 5382 ’ἔ
351 5305 432 5361 De
460 5308 515 5363 S.
562 5310 867 5382 ῌρνίὸοιάο,
897 5313 1034 5368 alias
1060 5302 1350 5368 Ηετὶὺαιάο
1386 5327 1471 5382 ep.
1505 5312 1807 5369 Antissiod.

219 5381 412 5463 actum
435 5389 517 5459 est
544 5379 634 5436 die
669 5382 738 5437 25
769 5384 996 5463 Aprilis,
1024 5400 1144 5463 pag.
1179 5384 1303 5463 878,
1330 5379 1620 5463 antequam
1643 5382 1814 5463 histo-

217 5449 780 5526 riamepiscoporum
822 5449 990 5511 istius
1012 5449 1401 5523 ecclesiae,’ubi
1431 5449 1672 5526 amplum
1705 5454 1813 5509 ha-

215 5515 314 5571 bet
345 5515 607 5596 elogium;
649 5524 883 5596 majores
921 5526 1096 5582 nostri
1126 5515 1415 5582 vidissent.

296 5599 317 5620 ⁸
360 5594 723 5669 Fontanetico
738 5594 964 5669 scilicet
994 5599 1092 5653 illo
1118 5606 1227 5653 tam
1264 5596 1609 5653 memorabili
1644 5612 1808 5669 quam

209 5670 450 5723 cruento
486 5684 496 5721 :
532 5682 656 5722 nam
686 5667 827 5724 illud
856 5669 1046 5725 eodem
1066 5685 1209 5727 anno
1240 5677 1451 5743 gestum
1480 5675 1595 5725 erat
1624 5667 1809 5725 mense

1920 4613 2199 4681 existeret,
2234 4620 2286 4668 et
2307 4619 2587 4684 concepta:
2611 4613 2667 4669 in
2699 4621 2951 4670 sanctum
2990 4613 3308 4671 devotionis
3328 4617 3527 4674 ofﬁciis

1920 4703 2221 4776 plurimum
2256 4704 2363 4759 sibi
2394 4703 2607 4759 roboris
2634 4704 2846 4777 acquiri
2876 4720 3051 4777 posse,
3084 4720 3196 4759 non
3223 4704 3521 4768 dubitaret.

1919 4792 2119 4849 Sancto
2140 4793 2309 4865 igitur
2323 4792 2767 4865 Epiphaniorum
2786 4793 2875 4849 die
2899 4792 2923 4831 ιι
2938 4794 3525 4852 solemniteromnibus

1919 4884 2120 4950 Junio;
2211 4898 2338 4939 cum
2397 4880 2515 4937 haec
2570 4882 2860 4938 translatio
2927 4883 3193 4939 acciderit
3260 4883 3526 4939 Kalendis

1922 4954 2278 5026 Septembris,
2304 4953 2467 5026 juxta
2498 4954 2638 5010 Hist.
2688 4969 2822 5026 epp.
2862 4955 3169 5026 Antissiod.
3191 4971 3321 5026 cap.
3348 4954 3435 5022 36,
3470 4962 3525 5009 et

1922 5024 2219 5083 Robertum
2256 5024 2587 5081 monachum
2618 5024 3154 5082 Antissiodorensem
3185 5025 3242 5079 in
3264 5024 3525 5082 Chrono-

1922 5098 2067 5168 logia
2095 5098 2161 5152 ad
2193 5112 2281 5168 an.
2310 5096 2524 5168 Christi
2554 5097 2680 5153 851.

1994 5165 2011 5203 ῖ
2047 5169 2204 5223 Anno
2224 5167 2348 5235 8’13,
2380 5183 2564 5222 mense
2592 5169 2862 5238 Augusto,
2895 5165 3116 5238 quando
3139 5166 3206 5222 de
3228 5182 3522 5238 regnorum

1961 5238 2220 5294 artitione
2250 5239 2394 5293 inter
2425 5237 2767 5305 Lotharium,
2804 5237 3147 5293 Ludovicum
3169 5245 3222 5292 et
3244 5237 3522 5306 Carolum,

1967 5309 2191 5366 udovici
2222 5309 2300 5364 Pii
2335 5309 2499 5377 ﬁlios,
2530 5308 2810 5366 Veroduni
2837 5315 3187 5364 convenerat.

1996 5391 2021 5425 ε
2054 5382 2169 5460 Haec
2197 5380 2403 5460 factum
2433 5397 2584 5460 anno
2605 5380 2732 5460 8.58,
2765 5396 2859 5460 per
2881 5379 3173 5460 rebellium
3207 5379 3522 5460 factionem,

1922 5468 2043 5579 Eua:
2073 5452 2327 5508 Carolum
2360 5467 2542 5519 exosa,
2562 5451 2910 5507 Ludovicum
2932 5451 3429 5507 adversusfratrem
3466 5451 3525 5508 in

1971 5523 2130 5579 allias
2159 5523 2511 5578 invitaverat.

1971 5523 2130 5579 allias
2159 5523 2511 5578 invitaverat.

1996 5596 2020 5631 ιι
2051 5593 2197 5649 Anni
2230 5593 2514 5665 videlicet,
2540 5600 2601 5648 ut
2629 5592 2791 5665 paulo
2825 5600 2952 5649 ante
2996 5592 3317 5654 dicebatur:
3375 5595 3529 5656 Verbi

1926 5665 2191 5722 incarnati
2218 5664 2344 5722 859.
