4074 6186
549 198 686 257 1255

1553 191 1794 255 HERICI
1858 193 2180 255 MONACHI
2213 164 2874 256 aurrssronoanums

3735 195 3884 260 1256

547 353 886 425 Praeparatis,
920 351 990 409 ad
1020 350 1243 425 gloriosi
1284 350 1530 423 corporis
1580 360 1893 408 reverenter
1920 353 2145 410 accessit
2174 367 2227 427 Α
2267 352 2507 410 bratum.
2536 352 2771 422 Quidam
2800 352 3033 428 loquelae
3080 351 3331 427 privatus
3355 368 3481 422 usu,
3512 353 3650 410 dum
3680 372 3743 412 se
3776 373 3883 413 ro—

550 443 874 500 memoriam
900 461 912 500 :
946 443 1106 518 pauci
1132 442 1428 499 admodum
1452 443 1888 513 circumsistunt;
1908 445 2153 520 episcopi

546 532 761 590 scilicet
788 533 1152 602 venerabiles,
1185 539 1240 587 et
1280 530 1656 610 probatissimi
1687 534 2013 604 sacerdotes,
2055 551 2153 592 re-

550 637 670 695 gem
704 622 850 679 intra
879 632 1195 679 sanctorum
1229 622 1573 680 sanctissima
1602 624 1850 682 comitati
1877 644 1888 682 :
1930 636 2155 685 caeteros

548 710 772 784 quidem
802 712 870 767 ab
899 711 1115 767 intimis
1146 711 1344 768 arcuit.
1390 712 1641 785 Hymnos
1683 731 1813 770 vero
1843 721 1897 770 et
1922 715 2152 786 psalmo-

548 800 699 855 diam
732 800 1154 872 infatigabiliter
1202 808 1578 872 personantes,
1611 802 1736 859 data
1764 819 1928 875 opera
1953 804 2011 858 in
2038 804 2153 861 oﬂi-

550 889 639 947 cio
670 906 1019 961 perseverare
1050 889 1352 945 mandavit.
1386 890 1528 948 Hinc
1557 899 1840 949 maturans
1870 894 2150 965 negotium

548 980 780 1052 plenum
837 981 1180 1049 reverentiae,
1240 981 1552 1053 sepulcrum
1616 985 1850 1055 aperuit.
1910 983 2153 1040 Membra

550 1068 1205 1144 pretiosissima,perinde
1236 1077 1297 1125 ut
1325 1069 1559 1143 pridem,
1580 1071 1791 1143 integra
1811 1072 2153 1144 supplicibus

547 1159 727 1215 oculis
775 1161 1147 1232 conspicatus,
1180 1178 1423 1233 congruo
1461 1161 1671 1218 honore
1709 1169 2000 1221 veneratus
2048 1173 2148 1221 est.

546 1247 691 1315 Quid
720 1258 977 1306 votorum
1008 1250 1085 1305 ibi
1108 1250 1439 1323 conceperit,
1462 1251 1596 1322 quid
1624 1251 2151 1325 affectionisimpen-

545 1342 709 1411 derit,
742 1359 905 1415 quam
934 1358 1069 1416 pure
1098 1359 1154 1399 se
1188 1359 1352 1415 super
1379 1360 1527 1399 aram
1562 1343 1733 1416 ipsam
1760 1345 1995 1419 spiritali
2024 1362 2151 1403 con-

546 1432 777 1489 tritione
809 1432 1119 1501 mataverit,
1179 1435 1291 1489 Deo
1332 1435 1583 1490 constitit
1639 1442 1693 1491 et
1742 1443 1958 1493 constat
2014 1437 2145 1505 soli;

543 1522 750 1599 quique
781 1523 887 1580 sibi
918 1524 975 1581 id
1005 1524 1177 1580 fuisse
1205 1524 1606 1596 gratissimum,
1636 1542 1665 1581 e
1692 1528 1927 1600 vestigio
1958 1527 2152 1584 decla-

545 1616 708 1673 ravit.
738 1615 865 1671 Post
892 1615 1009 1672 haec
1060 1633 1260 1689 corpus
1315 1616 1630 1673 venerabile
1661 1618 1795 1675 solis
1826 1619 2149 1692 pontificum

2263 441 2436 500 busta:
2469 443 2597 500 fidei
2634 443 2945 516 patrocinio
2995 442 3064 521 ad
3107 449 3359 500 sanctum
3402 444 3666 513 contulit,
3703 446 3878 503 dam-

2263 533 2385 589 nosi
2436 533 2703 591 latebram
2751 532 2964 591 silentii
3016 532 3277 604 suffragio
3332 536 3543 607 recepti
3595 536 3879 594 sermonis

2262 623 2517 680 excessit.
2546 623 2784 681 Tabellas
2812 622 3135 691 tesserariae,
3168 622 3364 696 templi
3394 639 3678 697 suspensae
3708 627 3879 684 vesti-

2262 711 2417 782 bulo,
2451 723 2872 771 monumentum
2903 714 2953 770 ei
2985 714 3065 769 rei
3096 712 3271 768 fuere.

2338 802 2460 859 104.
2492 803 2784 877 Sequentis
2807 802 3177 860 declaratione
3198 800 3454 857 miraculi
3479 803 3877 879 octingentesi-

2263 906 2386 947 mus
2438 894 2812 966 sexagesimus
2856 909 3038 949 nonus
3090 907 3271 946 annus
3322 891 3595 949 incarnati
3640 896 3876 953 Domini

2260 979 2945 1039 volvebaturzAdalricus
2996 980 3248 1059 quidam,
3308 980 3487 1063 patria
3534 981 3874 1055 Senonicus,

2262 1068 2381 1142 ipso
2410 1089 2521 1128 suae
2550 1072 2858 1131 debilitatis
2884 1087 3081 1146 genere
3095 1087 3489 1151 usquequaque
3520 1073 3874 1144 notissimus,

2262 1159 2339 1216 ita
2367 1168 2487 1217 toto
2516 1164 2730 1235 reptilis
2760 1180 2988 1237 corpore
3019 1162 3377 1231 trahebatur;
3402 1170 3463 1219 ut
3492 1162 3763 1221 debilitas
3786 1166 3873 1222 de-

2262 1250 2534 1307 formitati
2564 1251 2770 1322 addita,
2810 1252 3183 1309 necessariora
3230 1253 3478 1326 corporis
3526 1254 3716 1312 ofﬁcia
3765 1255 3872 1312 bo-

2263 1340 2400 1419 mini
2431 1340 2731 1399 detraxisse
2760 1342 3065 1399 videretur.
3093 1341 3217 1398 Non
3262 1342 3425 1399 illum
3456 1343 3627 1425 talem
3659 1352 3872 1403 natura

2266 1429 2639 1502 produxerat;
2674 1431 2768 1489 sed
2822 1430 3271 1504 extemporaliter
3309 1430 3529 1505 irruens
3557 1432 3867 1505 calamitas,

2261 1521 2372 1579 Deo
2403 1527 2622 1576 tantum
2673 1537 2848 1578 causae
2889 1520 3133 1590 conscio,
3185 1536 3330 1576 anno
3370 1520 3486 1597 jam
3535 1522 3869 1582 duodecimo

2261 1608 2601 1666 trahebatur.
2657 1609 3008 1685 Infelicitatis
3071 1626 3182 1667 sua:
3241 1610 3492 1691 levamen
3550 1612 3867 1688 frequentes

544 1722 735 1781 passus
792 1706 1047 1762 manibus
1099 1705 1450 1773 contrectari,
1481 1707 1725 1779 operosis
1755 1707 1936 1765 denuo
1968 1708 2151 1782 palliis
2183 1740 2229 1800 B
2263 1695 2388 1771 [αι-ν
2413 1698 2753 1800 ΪΐθἾξιθηίθΥ]
2781 1700 2849 1755 δά
2875 1707 3191 1757 “Helorum
3215 1700 3529 1771 memorias:
3556 1703 3867 1777 δηξίθρυὶ-

543 1799 802 1856 decenter
847 1798 1106 1856 ambivit.
1154 1798 1381 1855 Gratum
1449 1808 1711 1872 praeterea
1757 1819 1867 1858 suae
1920 1801 2147 1858 odorem

543 1889 672 1945 fidei
704 1891 879 1947 multa
932 1889 1186 1959 balsami,
1220 1892 1394 1946 multa
1449 1890 1832 1963 thymiamatis
1876 1891 2143 1964 impensa,

542 1995 637 2050 per
666 1977 886 2033 beatum
915 1978 1276 2046 Germanum,
1299 1980 1617 2049 respicienti
1652 1980 1839 2036 omnia
1860 1982 2148 2054 porrigens

541 2064 851 2133 Conditori,
885 2064 1713 2137 thesaurumincomparabilem
1739 2068 1991 2123 adoranti
2023 2086 2147 2126 cor-

539 2153 689 2227 poris
714 2152 831 2224 ejus
860 2169 924 2209 eo
950 2153 1082 2219 loci,
1103 2170 1211 2226 quo
1245 2169 1391 2209 nunc
1419 2165 1720 2212 veneratur
1746 2163 1801 2211 et
1821 2157 2142 2229 excoditur,

541 2241 691 2314 larga
730 2241 1054 2311 ambitione,
1087 2242 1298 2315 ingenti
1350 2243 1543 2316 gloria,
1578 2243 1875 2318 principali
1905 2245 2145 2320 denique

538 2330 845 2389 reverentia
872 2330 1273 2403 transpositum
1299 2331 1616 2389 collocavit.
1649 2333 1853 2392 Locum
1882 2335 2144 2409 regialar-

538 2423 702 2494 gitate
731 2428 785 2477 et
815 2420 976 2477 donis
1010 2421 1299 2494 magnifice
1325 2423 1653 2493 cumulavit;
1688 2423 1945 2500 diemque
1964 2426 2141 2498 illam,

538 2513 757 2578 festivis
785 2524 1032 2572 exactam
1064 2514 1434 2587 apparatibus,
1460 2515 1740 2574 succiduis
1769 2519 1985 2575 saeculis
2011 2537 2145 2592 per-

539 2610 705 2676 petuo
734 2602 1003 2660 celebrem
1033 2604 1242 2660 indixit

610 2692 731 2750 102.
767 2692 897 2749 Mox
926 2693 1111 2766 itaque
1138 2693 1373 2766 peractis
1402 2710 1513 2750 suae
1548 2693 1863 2752 devotionis
1893 2697 2141 2754 salutari-

537 2777 660 2847 bus,
693 2782 996 2838 fortissimo
1024 2785 1159 2851 Deo,
1193 2784 1287 2856 qui
1320 2784 1415 2840 dat
1443 2785 1675 2840 salutem
1708 2785 1926 2857 regibus
1960 2786 2143 2844 inter-

534 2874 709 2923 ventu
738 2868 1000 2924 Germani
1034 2868 1361 2938 beatissimi,
1389 2879 1520 2928 voto
1546 2873 1783 2946 supplici
1805 2891 1862 2931 se
1890 2878 2140 2933 commit-

537 2962 680 3025 tens,
698 2955 875 3013 fidens
886 2954 1080 3026 animi,
1095 2964 1148 3013 et
1169 2964 1429 3030 tanquam
1451 2959 1519 3030 de
1534 2961 1770 3018 victoria
1778 2961 1893 3034 jam
1917 2966 2141 3022 obtenta

533 3061 778 3117 securus,
841 3045 1059 3104 delectu
1106 3047 1272 3114 facto,
1329 3046 1532 3121 absque
1587 3052 1938 3109 cunctamine
1990 3053 2138 3112 hosti

533 3134 758 3193 obviam
782 3146 1057 3210 properat,
1088 3136 1198 3194 fide
1222 3136 1469 3211 (magis),
1501 3154 1667 3212 quam
1690 3138 1860 3197 armis
1884 3157 2002 3198 rem
2027 3141 2141 3201 bel-

534 3224 698 3283 licam
730 3233 1071 3299 peracturus.
1103 3226 1301 3300 Sicque
1320 3226 1459 3285 duce
1480 3224 1700 3286 Christo
1726 3246 1879 3301 usus,
1909 3230 2142 3293 hostiles

531 3316 717 3399 copias
746 3317 867 3373 sine
896 3318 1161 3391 sanguine
1184 3318 1416 3392 pepulit,
1441 3318 1655 3394 duplici
1683 3320 1920 3381 donatus
1939 3323 2140 3384 beneﬁ-

529 3403 638 3473 cio,
671 3403 819 3478 quod
849 3412 904 3462 et
932 3406 1001 3463 de
1031 3406 1189 3464 hoste
1226 3414 1495 3481 tropaeum
1538 3409 1704 3482 cepit,
1739 3416 1793 3466 et
1822 3409 2136 3487 homicidii,

529 3494 620 3551 vel
652 3495 837 3567 potius
866 3497 1171 3569 parricidii,
1196 3505 1427 3567 reatum,
1450 3499 1564 3555 Deo
1583 3514 1640 3555 se
1662 3498 1719 3554 in
1741 3501 1999 3560 omnibus
2019 3521 2139 3578 pro-

529 3593 764 3659 tegente,
794 3585 1116 3656 declinavit,
1160 3587 1218 3644 in
1249 3587 1546 3662 reliquum,
1598 3589 1859 3663 largitore
1888 3595 2022 3665 Deo,
2069 3613 2138 3656 ac

526 3685 845 3750 protegente
871 3677 1036 3734 beato
1067 3678 1360 3749 Germano,
1386 3696 1575 3737 rerum
1605 3681 1902 3753 potiturus,
1933 3692 1987 3741 et
2016 3687 2136 3743 feli-

525 3767 664 3825 citer
692 3775 1018 3840 regnaturus
1045 3784 1080 3824 ι.

600 3856 721 3915 103.
743 3856 1008 3914 Idoneum
1030 3856 1241 3929 pietati,
1275 3856 1544 3930 nobisque
1569 3856 1845 3914 constabit
1874 3857 2137 3914 salutife-

524 3962 670 4016 rum,
701 3947 749 4002 si
773 3946 842 4002 ad
862 3947 1009 4001 beati
1030 3944 1298 4000 honorem
1324 3943 1603 4016 pontificis
1629 3943 2053 4017 subjungautur,
2086 3946 2134 4003 si

524 4052 632 4108 qua
652 4044 775 4108 post
804 4035 922 4093 haec
951 4036 1149 4091 seriem
1178 4033 1445 4107 temporis
1471 4034 1821 4092 illustravere
1842 4036 2130 4094 miracula.

522 4125 647 4183 Non
667 4126 844 4181 multo
865 4125 1081 4182 dierum
1109 4124 1474 4181 intermeante
1499 4124 1800 4195 curriculo,
1818 4125 2133 4186 adolescens

521 4215 746 4291 quidam
774 4216 1047 4290 poplitum
1078 4216 1282 4274 damno
1306 4215 1505 4275 debilis
1529 4217 1733 4290 pariter
1761 4225 1814 4274 et
1843 4218 2127 4290 deformis,

522 4305 730 4381 templo
765 4304 913 4365 beati
944 4307 1121 4363 Patris
1180 4306 1352 4378 adito,
1411 4307 1619 4365 sedulis
1647 4324 1743 4381 per
1769 4308 1981 4382 aliquot
2011 4310 2129 4368 dies

521 4396 771 4456 excubiis
799 4396 1160 4456 necessariam
1212 4396 1456 4455 incessus
1512 4399 1985 4471 recuperationem
2029 4415 2125 4471 per

518 4489 659 4548 sacri
687 4489 934 4563 corporis
987 4488 1182 4546 merita
1215 4488 1559 4561 precabatur.
1590 4489 1672 4545 Ea
1710 4496 1828 4545 tum
1859 4505 1975 4546 nox
2003 4496 2122 4545 erat
2153 4460 2201 4520 D

517 4578 630 4638 dici
654 4577 978 4647 Dominicae,
1037 4594 1158 4651 quas
1206 4593 1372 4637 sacrae
1406 4577 1893 4651 quadragesimalis
1924 4578 2123 4636 obser-

516 4673 718 4731 vantiae
745 4672 865 4731 dies
888 4670 1130 4730 mediare
1158 4671 1527 4743 cognoscitur.
1561 4671 1809 4746 Cumque
1838 4671 1985 4730 circa
2007 4671 2121 4744 gal-

516 4764 771 4821 licinium
803 4770 1085 4821 nocturnae
1124 4761 1429 4823 functionis
1454 4761 1773 4822 ofﬁciositas
1798 4779 1832 4819 a
1859 4760 2125 4819 fratribus

516 4860 789 4926 ageretur,
838 4868 934 4925 per
971 4852 1169 4908 merita
1223 4852 1473 4925 praesulis
1502 4853 1754 4925 genuinae
1784 4852 2117 4911 rectitudini

515 4941 899 5017 potentissime
961 4939 1310 5009 reformatus,
1345 4957 1606 5012 magnum
1661 4940 1862 4997 astanti
1915 4940 2121 5013 populo

513 5031 884 5106 spectaculum
921 5028 1176 5103 praebuit,
1209 5037 1263 5085 et
1298 5028 1503 5085 divinae
1534 5027 1685 5085 laudi
1717 5045 1815 5102 per
1842 5045 1937 5086 ora
1964 5044 2116 5085 cun-

511 5128 730 5183 ctorum
790 5120 1036 5178 nobilem
1094 5119 1379 5177 materiam
1417 5135 1479 5178 ac
1535 5118 1890 5177 memorabile
1924 5118 2115 5177 incre-

512 5222 784 5271 mentum.

583 5303 732 5362 Huic
743 5300 895 5361 aliud
920 5299 1110 5359 eadem
1130 5306 1451 5374 tempestate
1473 5299 1736 5358 successit
1761 5299 2114 5373 miraculum,

519 5400 571 5452 et
598 5392 777 5468 ipsum
810 5410 1025 5470 quoque
1055 5391 1274 5467 publice
1304 5392 1606 5450 multorum
1634 5391 1738 5451 sub
1766 5393 1943 5452 oculis
1969 5390 2121 5450 cele-

2261 1789 2408 1857 dem,
2453 1787 2548 1844 sed
2577 1788 2935 1847 inefﬁcaciter
2963 1790 3308 1865 quaeritabat.
3355 1791 3681 1867 Certissima
3724 1796 3864 1851 emi-

2260 1885 2374 1947 net,
2413 1877 2564 1935 hunc
2610 1878 2915 1935 beatissimi
2945 1878 3123 1935 Patris
3147 1878 3326 1937 nostri
3357 1879 3577 1938 meritis
3608 1898 3862 1939 reserva-

2260 1973 2398 2023 tum.
2432 1968 2608 2041 Igitur
2635 1985 2761 2024 cum
2792 1968 2861 2026 ad
2883 1968 3260 2026 Kalendarum
3288 1971 3618 2029 Octobrium
3650 1973 3859 2029 solem-

2258 2053 2489 2109 nitatem
2536 2055 2778 2127 publicis
2807 2044 2958 2112 orbis
2997 2066 3268 2114 terrarnm
3294 2046 3527 2131 gaudiis
3568 2060 3861 2116 celebran-

2258 2141 2383 2199 dam
2413 2159 2707 2201 numerosa
2730 2146 3063 2217 populorum
3092 2134 3342 2205 ﬂuxisset
3370 2165 3442 2205 ex
3471 2165 3621 2205 more
3648 2166 3858 2221 conge-

2258 2234 2387 2304 ries,
2416 2234 2466 2290 is
2496 2250 2714 2308 quoque
2748 2235 2926 2306 enisu,
2959 2253 3068 2311 quo
3099 2238 3302 2310 potuit,
3344 2238 3647 2296 conventui
3678 2239 3856 2295 inter-

2257 2338 2373 2380 esse
2402 2324 2653 2394 curavit;
2690 2342 2803 2381 non
2839 2333 2949 2382 tam
2973 2326 3313 2400 receptandm
3335 2328 3642 2402 sospitatis,
3667 2338 3732 2387 ut
3748 2330 3855 2403 ipse

2256 2421 2379 2484 post
2408 2413 2707 2484 fatebatur,
2738 2415 2989 2485 obtentu,
3018 2432 3183 2497 quam
3217 2425 3279 2474 ut
3306 2418 3507 2473 collata
3531 2419 3849 2475 coeuntium

2255 2501 2396 2574 stipe
2433 2501 2726 2575 juvaretur
2758 2524 2770 2562 :
2802 2522 2997 2563 verum
3028 2492 3247 2584 artifex
3294 2506 3663 2584 humanitatis
3693 2510 3851 2578 Deus,

2253 2590 2345 2648 cui
2367 2591 2639 2650 familiare
2665 2602 2747 2651 est
2771 2611 2884 2651 non
2917 2582 3240 2667 rogantibus
3264 2582 3481 2671 quoque
3501 2598 3673 2669 gratis
3689 2599 3855 2654 multa

2253 2691 2529 2752 prastare,
2559 2683 2729 2740 unius
2758 2701 2998 2759 expensa
3026 2684 3281 2763 miraculi
3316 2693 3371 2741 et
3390 2685 3502 2764 diei
3524 2687 3783 2758 gloriam,
3804 2696 3851 2745 et

2254 2772 2474 2844 misero,
2519 2791 2683 2848 quam
2740 2776 3143 2849 desperaverat,
3199 2779 3439 2835 contulit
3491 2780 3846 2837 medicinam.

2250 2865 2489 2922 Emensa
2512 2882 2751 2940 namque
2790 2884 3069 2927 sacrarum
3095 2869 3412 2942 vigiliarum
3433 2881 3586 2944 parte
3615 2872 3730 2929 fere
3748 2889 3855 2928 me-

2251 2954 2362 3025 dia,
2390 2972 2518 3014 cum
2548 2959 2876 3016 alternantis
2904 2958 3062 3016 chori
3092 2959 3312 3035 vicibus
3331 2961 3597 3034 psalmus,
3628 2962 3725 3035 qui
3748 2963 3842 3018 in-

2250 3045 2515 3104 scribitur
2546 3065 2560 3106 :
2601 3051 2667 3107 Te
2690 3050 2828 3105 decet
2846 3049 3090 3125 hymnus,
3112 3051 3276 3120 Deus,
3306 3052 3362 3106 in
3392 3051 3540 3120 Sion,
3563 3050 3846 3109 decantari

2249 3135 2526 3210 coepisset,
2557 3146 2744 3196 tantus
2773 3140 2962 3197 miseri
2994 3141 3383 3198 revalescentis
3410 3142 3702 3199 ecclesiam
3732 3143 3850 3200 cla-

2250 3246 2372 3287 mor
2400 3230 2684 3303 implevit;
2720 3240 2781 3288 ut
2812 3248 2924 3288 non
2953 3233 3105 3306 vulgi
3140 3232 3305 3292 modo
3326 3232 3719 3306 frequentiam,
3744 3249 3846 3290 ve-

2251 3336 2375 3377 rum
2403 3325 2455 3375 et
2482 3318 2632 3394 ipsos
2657 3319 2840 3378 divini
2865 3318 3066 3378 choros
3094 3320 3264 3379 ofﬁcii
3294 3321 3617 3378 medullitus
3638 3330 3847 3380 treme-

2249 3412 2474 3470 bundus
2504 3411 2703 3469 horror
2734 3413 3018 3483 invaserit.
3053 3412 3399 3487 Superventn
3414 3413 3630 3482 salutis,
3653 3430 3844 3472 nervo-

2249 3519 2371 3559 rum
2427 3502 2708 3560 labefactaa
2764 3518 3073 3576 compages,
3111 3503 3467 3578 membraque
3516 3504 3574 3559 in
3624 3504 3837 3576 priscos

2249 3593 2468 3665 vigores
2496 3591 2817 3662 remeantia,
2843 3590 2903 3648 in
2922 3592 3191 3649 clamores
3210 3591 3607 3665 incompositos
3625 3594 3841 3652 excita-

2248 3692 2443 3742 verant
2472 3684 2773 3741 infelicem.
2809 3681 2896 3759 Ad
2924 3699 3117 3740 vocem
3135 3682 3268 3740 hinc
3290 3683 3419 3741 inde
3437 3684 3691 3742 certatim
3712 3701 3837 3742 con-

2246 3775 2520 3844 curritur;
2569 3775 2969 3847 collapsusque,
3018 3788 3245 3845 corpore
3275 3780 3329 3829 et
3366 3772 3636 3830 membris
3688 3790 3839 3848 praue

2247 3865 2535 3935 emortuis,
2568 3863 2856 3922 invenitur
2887 3882 2899 3920 :
2932 3864 3096 3937 paulo
3126 3872 3248 3936 post
3288 3865 3586 3936 resumptis
3608 3864 3835 3934 viribus,

2244 3971 2461 4030 usuque
2481 3971 2764 4028 gressuum
2796 3960 3094 4022 remeante,
3123 3951 3330 4009 divinae
3358 3953 3696 4012 fermentum
3717 3956 3842 4012 lau-

2244 4046 2331 4103 dis
2363 4044 2725 4119 praasentibus
2750 4042 2961 4112 attulit,
2982 4042 3188 4099 futuris
3208 4042 3652 4101 transmisit.Ad
3678 4044 3842 4117 hujus

2242 4135 2601 4192 assertionem
2640 4133 2821 4208 operis
2857 4133 2905 4189 is
2940 4131 3058 4206 ipse
3107 4132 3455 4206 superstitem
3503 4135 3620 4207 agit
3646 4136 3835 4204 vitam,

2241 4241 2305 4282 ac
2334 4241 2490 4283 sacro
2528 4222 2751 4298 corpori
2780 4221 2847 4279 de
2875 4237 2933 4279 se
2961 4221 3097 4279 satis
3122 4222 3320 4279 merito
3336 4238 3435 4299 pro
3454 4222 3673 4280 viribus
3690 4222 3840 4281 debi-

2238 4319 2360 4370 tum
2390 4312 2709 4388 expendens
2737 4310 3085 4387 obsequium,
3134 4328 3247 4389 sum
3292 4327 3480 4369 secum
3520 4311 3842 4371 circumfert

2238 4405 2450 4464 indicia
2478 4405 2776 4479 sospitatis.

2309 4494 2432 4553 105.
2462 4495 2614 4554 Sacri
2646 4495 2911 4553 transitus
2939 4493 3058 4568 ejus
3086 4511 3202 4553 nox
3221 4494 3484 4553 officiosis
3513 4492 3732 4567 vigiliis
3759 4512 3840 4551 so-

2234 4585 2337 4643 lito
2356 4584 2688 4655 ducebatur;
2714 4591 2768 4642 et
2787 4584 3077 4657 quemdam
3103 4584 3336 4640 fratrum
3361 4583 3496 4641 adeo
3517 4583 3841 4656 religiosum

2235 4674 2469 4731 intimus
2486 4673 2646 4731 dolor
2661 4672 2920 4730 vitalium
2941 4671 3140 4730 misere
3168 4672 3433 4748 fatigabat
3454 4690 3469 4739 ;
3502 4678 3557 4730 et
3576 4679 3697 4730 erat
3717 4673 3843 4730 viro

2234 4781 2440 4823 mceror
2488 4762 2928 4832 inconsolabilis,
2974 4764 3157 4837 luctus
3186 4763 3543 4831 immodicus,
3577 4780 3696 4820 non
3728 4773 3840 4821 tam

2237 4854 2580 4913 inﬁrmitatis
2599 4852 2783 4926 urgeri
2810 4852 3098 4921 violentia,
3131 4868 3297 4926 quam
3319 4850 3466 4925 quod
3485 4850 3741 4909 defectus
3760 4854 3840 4909 vi-

2234 4941 2412 5012 ribus,
2434 4941 2636 4999 debitis
2663 4941 3034 4998 solemnitatis
3056 4940 3338 5014 obsequiis
3363 4956 3475 4997 non
3497 4948 3717 5013 poterat
3744 4940 3845 4997 in-

2233 5040 2455 5089 teresse.
2510 5031 2661 5087 Inter
2706 5030 2824 5090 haec
2872 5031 3030 5087 fessis
3074 5029 3305 5086 artubus
3338 5045 3503 5102 sopor
3532 5028 3839 5087 incumbit.

2231 5120 2549 5180 Dormienti
2575 5128 2796 5178 sanctus
2823 5119 3129 5177 Germanus
3148 5127 3471 5194 praesentem
3493 5134 3550 5174 se
3566 5118 3839 5185 exhibet;

2232 5211 2489 5284 imperat,
2511 5209 2647 5284 quid
2674 5218 2874 5283 ageret,
2893 5208 3098 5283 quidve
3113 5215 3413 5282 pateretur,
3442 5207 3842 5264 incunctanter

2234 5301 2435 5358 edicat.
2463 5300 2566 5356 Illo
2598 5300 2883 5356 molestam
2912 5297 3296 5371 aegritudinem
3319 5294 3643 5370 proﬁtente,
3668 5295 3841 5353 dolo-

2231 5388 2309 5446 ris
2334 5389 2459 5446 loco
2479 5387 2753 5461 placidam
2769 5385 2924 5444 visus
2951 5394 3033 5443 est
3052 5385 3363 5444 admovisse
3381 5401 3634 5442 manum.
3664 5384 3839 5459 Vigo-

576 5523 596 5544 ·
624 5517 752 5575 Haec
781 5519 958 5576 fusius
986 5527 1281 5576 narrantur
1326 5518 1386 5575 in
1423 5517 1729 5576 Annalibus
1766 5518 2104 5575 Francorum
2142 5511 2516 5572 Fuldensibus
2552 5510 2621 5569 ad
2663 5528 2869 5570 annum
2890 5511 2998 5570 858
3022 5518 3078 5569 et
3104 5517 3423 5585 sequentem
3465 5508 3617 5583 apud
3657 5507 3830 5567 Ches.

514 5581 691 5655 nium,
722 5595 861 5649 tom.
903 5591 973 5659 ll,
1003 5608 1124 5664 pag.
1158 5591 1265 5650 555
1295 5598 1349 5649 et
1377 5606 1494 5663 sell-
