4066 6190
173 313 305 378 1257

1124 318 1219 379 DE
1255 317 1633 380 MIRACULIS
1670 324 1725 380 S.
1767 312 2106 382 GERMANI.
2154 355 2210 365 —
2256 315 2386 384 LIB.
2430 318 2501 383 ῙῙ.

3328 329 3467 388 1238

169 474 244 530 ris
275 474 474 546 plenus
502 473 742 530 surrexit
770 474 1034 531 continuo
1059 493 1071 540 ;
1106 479 1158 528 et
1188 472 1394 544 ingenti
1425 480 1748 528 cunctorum
1780 487 1831 546 Α
1862 491 2153 530 nervorum
2173 475 2389 533 siccitas
2418 478 2732 546 animatur;
2767 495 2942 551 genua
2971 481 3027 536 in
3051 481 3284 553 priscam
3309 483 3465 539 habi-

169 565 442 619 miraculo
463 561 811 634 psallentium
837 579 950 619 sese
977 562 1159 620 choris
1184 563 1342 618 laetus
1364 563 1614 618 inseruit.
1637 562 1757 620 Dici

167 671 273 710 non
304 661 503 726 potest,
541 653 921 710 universorum
953 653 1152 710 animis
1181 653 1239 708 in
1266 651 1483 709 Iaudem
1513 652 1609 708 Dei
1642 653 1760 707 fer—

167 745 311 800 voris
340 752 606 818 quantum
635 745 941 802 accesserit.

235 833 355 890 106.
397 832 740 890 Sanctissimi
772 835 1182 906 praedecessoris
1211 835 1328 907 ejus
1359 837 1638 892 Amatoris
1665 837 1756 891 fe—

165 932 275 980 stus
303 921 422 978 dies
450 923 744 979 advenerat
778 922 872 996 [30.
909 926 935 980 1
973 924 1150 998 Maii],
1181 933 1234 981 et
1263 925 1510 982 collectis
1537 927 1756 998 episco-g

163 1015 243 1087 pis
279 1013 593 1070 venerabile
624 1031 820 1087 corpus
850 1015 967 1087 ejus
1007 1016 1294 1088 principali
1330 1015 1757 1071 transferebatur

162 1105 483 1161 reverentia.
517 1105 582 1160 Ei
609 1107 921 1177 spectaculo
943 1105 1086 1162 beati
1116 1121 1332 1177 quoque
1359 1105 1613 1161 Germani
1647 1105 1755 1160 col-

163 1195 359 1266 legium
403 1194 682 1262 absistere,
719 1211 826 1250 non
859 1201 968 1250 tam
1000 1202 1140 1250 esset
1168 1193 1426 1249 indecens
1455 1211 1616 1266 quam
1649 1210 1755 1249 ne-

164 1285 382 1340 farium.
407 1284 688 1357 Reliquias
717 1284 854 1340 sacri
907 1283 1153 1355 corporis
1177 1283 1454 1356 accepturi
1482 1283 1562 1338 nil
1593 1301 1754 1339 com-

160 1373 429 1446 petentius
481 1373 872 1445 postulandum
918 1371 1301 1440 decreverunt,
1351 1387 1513 1444 quam
1545 1371 1751 1428 dextrae

161 1461 359 1532 digitos
390 1476 604 1527 manus,
635 1459 840 1532 quibus
870 1460 1146 1532 quondam
1170 1460 1449 1517 violentus
1481 1461 1750 1516 Germano

157 1549 362 1606 crinem
390 1548 749 1620 decerpserat.
783 1547 843 1604 Id
874 1548 1247 1621 impetratum,
1281 1549 1570 1605 ambitiosa
1600 1567 1749 1622 pom-

156 1656 237 1711 pa,
268 1638 472 1695 festivo
502 1636 699 1710 gaudio
727 1637 1052 1694 referebant.
1077 1637 1324 1710 Cumque
1351 1638 1634 1695 basilicam
1669 1639 1749 1693 in-

155 1729 342 1800 gressi,
389 1745 612 1802 remque
656 1727 904 1784 divinam
954 1729 1246 1800 peracturi,
1287 1745 1502 1785 sacrum
1551 1729 1749 1802 pignus

1867 563 2115 618 tudinem
2144 563 2493 636 diriguntur;
2527 567 2594 622 ad
2631 567 2848 624 laudem
2889 568 2987 624 Dei
3017 568 3262 625 ﬁdelium
3292 579 3465 626 ccetus

1865 652 2222 719 accenditur;
2256 653 2641 728 duplicataque
2663 657 2877 726 laetitia,
2909 675 3003 714 ora
3038 658 3289 727 vocibus,
3315 675 3464 730 genae

1867 741 2130 813 lacrymis
2148 742 2552 813 adimplentur;
2585 760 2763 801 sermo
2788 747 2854 802 ad
2879 749 3140 819 populum
3162 749 3230 805 de
3251 749 3463 806 festivi-

1866 828 1994 884 tatis
2038 831 2325 902 splendore
2354 833 2736 899 convertitur;
2786 834 2976 891 heatus
3005 836 3309 895 Germanus
3361 857 3461 897 suo

1867 935 2101 990 praesens
2145 920 2332 976 adesse
2371 921 2502 990 diei,
2545 922 2790 978 evidenti
2820 923 3088 981 beneﬁcio
3127 930 3462 1000 comproba-

1865 1015 1973 1063 tur.
2006 1008 2224 1076 Adhuc,
2257 1009 2322 1064 de
2348 1026 2456 1081 quo
2495 1011 2794 1082 loquimur,
2828 1020 3094 1084 superest,
3126 1030 3464 1073 memorem-

1864 1114 1966 1168 que
1995 1114 2051 1153 se
2079 1099 2284 1170 accepti
2321 1099 2596 1167 beneﬁcii,
2628 1116 2736 1173 qua
2783 1110 2981 1172 potest,
3014 1103 3285 1162 servitute
3316 1106 3466 1162 fate-

1864 1193 1972 1242 tur.
2015 1188 2085 1241 Et
2117 1204 2324 1260 magna:
2355 1196 2409 1244 et
2442 1188 2796 1261 multiplices,
2840 1189 3078 1259 Christe,
3121 1193 3224 1249 tibi
3255 1212 3464 1268 suppe-

1862 1282 1986 1329 tunt
2021 1275 2328 1344 medicinae,
2376 1292 2609 1348 cumque
2637 1277 2710 1332 sis
2753 1278 3134 1336 universitatis
3180 1282 3457 1352 conditor,

1863 1379 1947 1419 res
1978 1379 2255 1435 perperam
2304 1372 2510 1420 stantes
2540 1365 2720 1422 modis
2755 1367 3099 1439 complacitis
3137 1377 3191 1426 et
3238 1369 3463 1428 instau—

1862 1450 2034 1506 rando
2062 1450 2284 1508 ordinas
2318 1460 2371 1507 et
2397 1452 2709 1508 ordinando
2745 1454 3038 1514 instauras.

1934 1539 2054 1594 108.
2097 1539 2308 1596 Summi
2341 1549 2394 1596 et
2423 1540 2870 1614 incomparabilis
2897 1544 3076 1601 Patris
3105 1547 3278 1604 nostri
3310 1565 3460 1621 pre-

1857 1627 2035 1684 coniis
2063 1628 2418 1684 eximendum
2449 1645 2659 1698 vereor,
2691 1631 2857 1702 quod,
2891 1631 3008 1704 ejus
3029 1635 3207 1707 gratia
3231 1638 3459 1694 merito-

1858 1736 1981 1774 rum
2037 1717 2457 1786 interveniente,
2501 1727 2817 1776 sanctorum
2864 1739 3083 1796 quoque
3130 1726 3460 1798 pignoribus

150 1827 272 1874 ante
335 1820 646 1891 sepulcrum
721 1817 868 1875 beati
935 1817 1191 1874 Germani
1271 1819 1626 1892 deponerent,
1690 1821 1746 1875 in
1781 1843 1820 1901 Β
1859 1816 2164 1880 martyrum
2193 1807 2261 1863 ab
2288 1807 2422 1863 urbe
2460 1809 2630 1865 Roma
2662 1811 2814 1866 100113
3029 1816 3233 1871 meruit
3265 1833 3458 1874 cumu-

152 1917 412 1982 promptu
440 1909 545 1964 fuit
569 1925 880 1980 agnoscere,
911 1908 1020 1963 duo
1051 1909 1417 1980 praecellentis
1450 1910 1631 1965 meriti
1664 1912 1741 1965 lu-

153 2001 298 2056 mina
346 2001 451 2072 piis
498 2001 728 2074 gaudiis,
780 2017 922 2058 nova
951 1999 1141 2070 gloria,
1194 2001 1536 2056 concurrisse
1571 2019 1582 2055 :
1615 2019 1742 2057 nam

154 2099 400 2172 quaedam
445 2100 645 2154 mulier
675 2098 964 2170 gestatorio
991 2097 1192 2164 delata,
1233 2112 1332 2167 pro
1357 2112 1420 2153 eo
1451 2096 1599 2169 quod
1631 2104 1746 2153 toto

151 2187 490 2260 reptabunda
517 2202 762 2257 corpore,
796 2187 1126 2258 genitalibus
1153 2197 1370 2244 artuum
1396 2197 1604 2245 careret
1632 2190 1744 2244 olli-

148 2277 249 2333 ciis
280 2296 293 2345 ;
328 2275 548 2332 decenti
579 2292 706 2331 mox
733 2275 1024 2330 reformata
1043 2283 1285 2345 staturae,
1318 2275 1607 2332 amborum
1640 2293 1747 2332 me-

150 2366 272 2421 ritis
289 2367 466 2438 plenze
496 2365 685 2420 retulit
705 2363 901 2436 gaudia
925 2365 1222 2437 sospitatis.
1249 2366 1442 2423 Clerus
1471 2366 1746 2435 laudibus,

149 2458 440 2532 populares
488 2457 821 2513 clamoribus
862 2458 1109 2512 extulere
1153 2457 1381 2526 factum,
1414 2475 1522 2531 quo
1550 2466 1603 2514 et
1632 2458 1749 2514 dies

153 2549 445 2619 illustrata,
476 2557 528 2605 et
558 2549 784 2622 antiqua
807 2547 1134 2621 pontiﬁcum
1168 2555 1483 2604 sanctorum
1515 2548 1664 2602 inter
1693 2565 1748 2602 se

151 2641 497 2697 familiaritas
528 2641 865 2712 argumentis
893 2641 1195 2714 perspicuis
1217 2641 1570 2713 comprobata
1599 2639 1746 2696 vide-

148 2734 324 2789 batur.

217 2822 366 2878 Sacri
401 2821 824 2895 quadragesimae
861 2821 1228 2877 volvebantur
1248 2819 1366 2878 dies
1397 2839 1409 2888 ;
1443 2828 1496 2876 et
1526 2819 1746 2874 surdam

147 2928 174 2965 e
265 2927 402 2982 pago
456 2909 726 2966 Senonico
798 2909 1081 2965 mulierem
1152 2907 1384 2979 contigit
1439 2906 1744 2963 advenisse.

147 2999 372 3055 Somnio
418 3000 740 3072 prannonita
787 2999 984 3067 fuerat,
1037 3007 1096 3054 ut
1151 2997 1413 3054 chordam
1458 2996 1598 3068 signi
1633 2997 1744 3067 (i.e.

147 3089 447 3163 campanae)
492 3090 712 3159 faceret,
759 3097 923 3162 atque
973 3089 1042 3144 ad
1083 3088 1228 3144 beati
1277 3087 1532 3144 Germani
1565 3086 1748 3142 basili-

147 3195 261 3235 cam
296 3180 552 3237 deferret.
582 3181 742 3236 Dicto
757 3181 939 3252 paruit
968 3198 981 3247 ;
1006 3181 1191 3236 funem
1215 3178 1402 3235 attulit
1427 3197 1440 3246 ;
1471 3179 1628 3249 signo
1658 3193 1747 3248 ap-
1784 3209 1826 3266 Ο

147 3269 371 3340 plicitus
412 3277 512 3326 est.
547 3270 605 3326 Id
657 3287 822 3326 manu
868 3269 1087 3342 propria
1115 3286 1238 3325 cum
1291 3270 1580 3340 pulsasset,
1618 3283 1747 3320 mo-

147 3367 330 3415 mento
383 3359 574 3416 eodem
627 3378 698 3416 ωε
745 3377 940 3416 sonum
995 3359 1190 3426 edidit,
1246 3357 1444 3411 mulier
1492 3356 1743 3411 auditum

144 3457 367 3597 rei???
382 3540 544 3610 Anno
562 3539 686 3603 873,
715 3535 883 3590 Verbi
906 3534 1050 3589 inter
1064 3531 1319 3588 homines
1340 3531 1624 3589 humanati
1651 3550 1743 3604 pu-

142 3630 287 3686 blica
314 3627 560 3683 ﬁdelium
593 3621 922 3696 religiositas
943 3622 1269 3693 populorum
1301 3622 1446 3678 diem
1474 3623 1741 3678 Kalenda-

141 3739 264 3775 rum
283 3716 604 3775 Octobrium
627 3713 829 3770 votivis
851 3714 1062 3785 gaudiis
1081 3714 1352 3786 exigebat.
1378 3715 1574 3770 Adfuit
1598 3716 1744 3772 inter

140 3818 370 3866 caeteros
389 3804 609 3877 quidam
631 3801 752 3875 pagi
780 3802 1191 3875 Andegavensis
1223 3803 1480 3876 indigena
1501 3821 1569 3861 ex
1591 3806 1736 3875 vico,

143 3896 404 3952 Basilicas
461 3901 796 3965 nuncupato,
850 3892 1155 3947 Adalsadus
1209 3893 1454 3961 nomine,
1513 3897 1742 3967 triginta

143 3987 311 4041 ferme
361 3990 414 4039 et
458 3982 628 4038 trium
680 3996 952 4036 annorum
1002 3980 1278 4035 curriculo
1330 3989 1737 4039 contractorum

143 4091 378 4147 genuum
409 4073 609 4130 damna
637 4069 1063 4127 circumferens:
1091 4068 1229 4125 inita
1250 4068 1419 4141 igitur
1447 4071 1738 4126 missarum

143 4165 455 4223 celebritate
499 4161 752 4230 solemni,
821 4160 1096 4232 ingressus
1151 4157 1462 4226 ecclesiam,
1516 4167 1578 4214 ut
1625 4159 1739 4231 ipse

145 4254 267 4322 fert,
317 4250 603 4309 immensis
648 4248 814 4321 coepit
860 4247 1171 4305 fervoribus
1213 4256 1486 4313 aestuare;
1539 4249 1741 4320 quibus

141 4343 455 4418 mitigandis
502 4342 683 4398 locum
735 4355 1001 4414 quaerens,
1045 4339 1229 4394 forans
1273 4338 1407 4395 item
1438 4338 1735 4411 egreditur.

139 4436 266 4491 Mox
295 4436 475 4492 calore
504 4433 750 4500 cedente,
784 4437 938 4486 tanto
964 4428 1184 4499 frigoris
1204 4428 1434 4484 horrore
1456 4435 1740 4500 correptus

142 4532 219 4580 est
249 4543 262 4592 ;
294 4531 354 4580 ut
396 4539 533 4596 pene
565 4539 620 4578 se
649 4519 1080 4577 exanimandum
1107 4517 1375 4587 crederet,
1411 4517 1520 4574 nisi
1549 4517 1734 4573 denuo

142 4615 425 4671 ecclesiam
473 4612 746 4667 introiret.
777 4609 897 4676 Quo
944 4609 1167 4664 demum
1212 4605 1507 4678 ingressus,
1543 4604 1741 4678 priscis

144 4721 358 4760 rursum
388 4702 662 4760 caloribus
692 4700 1084 4756 inﬂammatur.
1118 4701 1269 4755 Inter
1296 4698 1413 4754 haec
1433 4714 1609 4769 genua
1627 4696 1739 4752 dis-

144 4793 367 4860 siliunt;
422 4792 576 4849 nervi
609 4791 897 4856 laxantur;
943 4781 1172 4846 ecclesia
1215 4789 1453 4844 clamore
1485 4787 1738 4859 comple-

148 4890 251 4939 tur.
298 4882 522 4954 Jamque
550 4881 606 4936 in
653 4881 886 4936 ambone
915 4878 1324 4951 responsorium
1367 4877 1731 4936 cantabatur:

145 4971 209 5026 ad
254 4979 503 5028 sanctum
551 4970 860 5042 sepulcrum
908 4969 1158 5026 cominus
1206 4967 1585 5046 admovetur;
1635 4966 1737 5022 sub

147 5064 317 5119 oculis
327 5064 574 5120 omnium
591 5077 876 5134 compages
894 5061 1055 5117 rolim
1075 5061 1734 5128 mortuaadistenduntur;

216 5224 238 5269 θ
278 5197 415 5254 Puta
454 5198 714 5264 basilicae,
749 5197 959 5269 ingenti
989 5195 1223 5253 aediﬁcio
1250 5211 1440 5251 versus
1467 5196 1738 5252 orientem

152 5283 181 5322 a
210 5267 461 5325 Conrado
492 5277 778 5340 protensaa.

222 5359 244 5394 b
285 5337 632 5413 Secretarium
664 5339 807 5413 apud
837 5347 1084 5413 auctores
1111 5338 1511 5413 ecclesiasticos
1540 5337 1738 5413 accipi-

153 5417 240 5484 tur
267 5412 485 5484 quidem
517 5415 628 5468 fere
675 5410 770 5482 p'ro
799 5411 1055 5477 sacrario,
1086 5426 1200 5476 seu,
1235 5418 1294 5464 ut
1322 5411 1519 5484 vulgus
1542 5410 1740 5484 appel—

159 5481 250 5554 lat,
283 5480 576 5550 'sacristia;
619 5480 709 5539 sed
743 5483 834 5539 hic
863 5491 1007 5554 patet
1054 5489 1273 5554 cryptas
1320 5480 1577 5554 intelligi,
1607 5497 1740 5553 quas

159 5552 256 5607 sub
288 5571 430 5611 novo
461 5554 695 5612 aediﬁcio
727 5552 1194 5618 idem—Conradns,
1228 5560 1484 5622 tanquam
1509 5552 1736 5606 chorum

158 5625 590 5692 subterraneum,
608 5626 952 5688 condiderat;
978 5633 1035 5678 ut
1055 5624 1128 5677 ibi
1151 5624 1504 5692 imposterum
1530 5624 1583 5678 S.
1614 5624 1740 5678 Ger-

158 5698 300 5752 mani
326 5715 523 5770 corpus
548 5707 917 5753 asservaretur
943 5694 1136 5766 majori
1166 5710 1289 5749 cum
1322 5693 1647 5750 reverentia.

469 5798 708 5853 PATROL.
753 5793 1002 5852 CXXIV.

1855 1901 1974 1956 lari.
2009 1901 2124 1955 Jam
2158 1899 2235 1967 id,
2279 1899 2461 1968 credo,
2495 1901 2729 1972 provida
2763 1902 3030 1960 divinitas
3061 1907 3455 1977 prastendebat,

1851 2008 1976 2048 curn
2012 1991 2154 2044 inter
2180 1998 2372 2045 caetera
2401 2006 2566 2060 supra
2614 1993 2901 2047 memorati
2949 1995 3132 2066 operis
3169 2006 3190 2032 ³
3232 1997 3457 2054 instru-

1857 2087 2038 2133 menta
2093 2078 2446 2132 secretarium
2478 2080 2501 2113 δ
2548 2094 2764 2149 quoque
2807 2081 3106 2138 conditorii
3159 2083 3300 2154 ejus,
3357 2103 3458 2144 nec

1856 2167 1974 2235 uni,
2005 2183 2104 2224 nec
2133 2165 2237 2220 soli
2267 2165 2650 2222 tantummodo
2679 2167 2970 2238 parabatur
2995 2188 3005 2226 :
3042 2179 3305 2230 venturos
3335 2176 3458 2230 sci-

1859 2259 1986 2313 licet
2022 2253 2336 2327 propediem
2371 2255 2508 2309 alios
2535 2255 2788 2311 alicunde
2820 2264 3099 2328 patronos,
3140 2262 3234 2332 qui
3269 2263 3451 2319 locum

1859 2344 2146 2419 praesentia
2167 2343 2500 2415 supplerent,
2527 2344 2738 2400 meritis
2758 2353 3123 2418 protegerent,
3149 2349 3460 2408 virtutibus

1859 2437 2218 2491 illustrarent.
2243 2431 2400 2499 Quod
2430 2433 2559 2504 quia
2581 2433 2803 2489 silentio
2829 2434 3101 2492 obducere
3125 2437 3456 2496 immanissi‘

1859 2547 2010 2588 mum
2040 2537 2140 2599 est,
2171 2545 2440 2602 nusquam
2471 2531 2839 2602 opportunius
2867 2531 3029 2589 video
3076 2534 3162 2590 vel
3195 2533 3454 2593 inseren-

1859 2623 2012 2689 dum,
2045 2621 2133 2676 vel
2165 2619 2332 2676 inseri
2361 2619 2624 2691 potuisse.

1935 2712 2055 2768 109.
2091 2714 2253 2766 Αηηο
2276 2709 2459 2782 itaque
2491 2709 2761 2768 incarnati
2791 2711 2889 2768 Dei
2917 2712 3042 2783 862,
3075 2713 3305 2773 fratrum
3335 2717 3452 2791 qui-

1859 2801 1982 2858 dam
2034 2799 2304 2857 mandatis
2333 2799 2538 2873 pariter
2567 2807 2622 2857 et
2666 2802 2916 2874 epistolis
2953 2804 3120 2878 regiis
3169 2806 3450 2877 instructi,

1859 2893 2049 2948 urbem
2077 2894 2304 2948 Romam
2335 2899 2618 2964 expetunt,
2661 2909 2784 2950 cum
2812 2894 3082 2951 orationis
3112 2896 3302 2968 gratia,
3337 2907 3454 2955 tum

1857 2982 2021 3038 etiam
2071 2982 2432 3056 quarumdam
2476 2983 2971 3042 ecclesiasticarum
3023 2985 3208 3042 studio
3254 3003 3460 3045 causa-

1859 3089 1980 3128 rum
2015 3088 2205 3145 ;qnas,
2242 3074 2354 3129 Deo
2383 3074 2664 3145 negotium
2693 3083 3040 3146 procurante,
3075 3083 3127 3131 et
3146 3076 3457 3148 allegarunt

1857 3171 2097 3230 strenue,
2131 3170 2184 3217 et
2215 3162 2509 3218 efﬁcaciter
2553 3163 2938 3233 expleverunt.
2983 3163 3456 3223 Prudentissimus

1856 3260 1910 3309 et
1940 3252 2179 3307 maxima
2207 3250 2578 3307 venerationis
2610 3251 2915 3308 reverentia
2950 3253 3332 3326 suspiciendus
3360 3257 3452 3315 Ni-

1855 3343 2040 3399 colaus
2070 3357 2207 3415 papa
2233 3348 2276 3409 ο,
2310 3343 2566 3398 Romanae
2595 3349 2712 3397 tum
2734 3341 3007 3399 cathedrae
3030 3344 3345 3416 praesidens,
3371 3348 3456 3404 vi-

1855 3447 1969 3488 cem
1998 3430 2284 3503 apostolici
2313 3430 2574 3488 culminis
2599 3437 2652 3487 et
2677 3430 2944 3502 dignitate
2966 3438 3019 3487 et
3048 3433 3235 3490 studio
3262 3437 3452 3508 praafe-

1854 3521 2042 3578 rebat:
2083 3521 2197 3594 qui,
2238 3538 2365 3579 cum
2400 3521 2813 3593 praenominatis
2844 3523 3118 3594 legatariis
3155 3524 3221 3580 ad
3253 3533 3456 3585 cuncta

1852 3628 1970 3684 quae
2000 3614 2207 3668 vellent
2245 3629 2340 3684 per
2369 3612 2486 3668 dies
2515 3612 2727 3684 aliquot
2756 3613 3075 3686 plenissime
3103 3613 3186 3670 sui
3235 3615 3450 3688 copiam

1853 3701 2092 3768 fecisset,
2125 3719 2318 3775 magna
2346 3703 2432 3758 sui
2464 3701 2955 3776 ministrorumque
2991 3701 3108 3774 ejus
3143 3705 3317 3776 gratia
3349 3705 3449 3762 di-

1852 3794 2112 3851 scessuris
2152 3801 2464 3850 sanctorum
2511 3800 2818 3865 martyrum
2857 3793 3063 3849 Urbani
3102 3802 3156 3850 et
3205 3795 3448 3854 Tiburtii

1851 3882 2110 3957 reliquias
2143 3909 2167 3944 α
2197 3882 2447 3950 tradidit,
2477 3889 2530 3938 et
2559 3881 2764 3938 virtute
2795 3882 3080 3954 pretiosas,
3124 3890 3177 3939 et
3207 3885 3444 3958 quanti-

1850 3977 1960 4027 tate
2011 3973 2330 4045 praecipuas.
2385 3973 2475 4030 Sic
2521 3971 2620 4029 Dei
2672 3973 2857 4030 favore
2908 3981 2960 4029 et
3012 3973 3245 4031 obtentu
3301 3974 3446 4047 regis

1851 4058 2056 4125 Caroli,
2087 4061 2233 4132 quod
2263 4061 2398 4117 alias
2418 4063 2507 4116 vel
2577 4062 3092 4134 laboriosissimum,
3111 4064 3202 4122 vel
3232 4063 3459 4137 impossi

1850 4145 1960 4202 bile
1995 4146 2191 4214 fuerat,
2224 4147 2371 4202 facili
2405 4148 2624 4218 negotio
2663 4151 3041 4210 confecerunt.

2467 4283 2697 4341 CAPUT
2729 4285 2828 4340 ΙΙΙ.

1852 4381 2110 4450 Prodigia
2139 4380 2282 4452 facta
2311 4381 2367 4436 in
2398 4380 2746 4436 translatione
2775 4381 2869 4437 SS.
2910 4379 3110 4437 Urbani
3139 4388 3188 4436 et
3221 4384 3453 4440 Tiburtii

1921 4454 2054 4510 MM.
2083 4472 2101 4519 ;
2129 4455 2249 4509 item
2280 4455 2375 4510 SS.
2413 4452 2662 4510 Mauritii
2695 4458 2744 4507 et
2769 4452 3058 4508 Innocentii
3088 4454 3220 4511 MM.
3246 4473 3266 4519 ;
3294 4463 3451 4510 cata-

1924 4527 2069 4595 logus
2098 4532 2398 4581 sanctorum
2424 4525 2479 4579 in
2499 4524 2694 4596 cryptis
2735 4525 2790 4580 S.
2816 4523 3069 4581 Germani
3089 4527 3454 4582 Antissiodori

1921 4599 2244 4668 sepultorum
2256 4639 2268 4652 .

1922 4706 2042 4763 110.
2083 4705 2227 4774 Quid
2249 4705 2513 4779 pignoris,
2546 4704 2681 4778 quid
2713 4705 2958 4766 thesauri
2986 4707 3254 4764 Romulea
3279 4705 3446 4764 ferre-

1847 4803 1938 4850 tur
1988 4793 2056 4850 ab
2108 4794 2260 4863 urbe,
2311 4793 2582 4850 virtutum
2645 4795 3103 4868 consequentium
3150 4797 3447 4857 crebritate

1846 4890 2088 4956 cleptum
2121 4890 2201 4938 est
2230 4899 2259 4938 e
2281 4882 2512 4954 vestigio
2540 4883 2838 4940 declarari:
2869 4886 3095 4943 remotis
3124 4887 3445 4961 superfluis,

1846 4973 1893 5028 si
1923 4988 2030 5044 qua
2068 4971 2349 5028 referenda
2377 4981 2526 5040 sunt,
2556 4973 2890 5045 compendio
2917 4975 3051 5032 ﬁent
3080 4977 3341 5049 gratiora.

1921 5061 2119 5117 Urbem
2151 5061 2372 5133 egressi,
2405 5063 2688 5120 mansione
2719 5065 2896 5137 prima
2919 5065 2976 5121 in
3003 5066 3178 5124 sancti
3208 5068 3447 5124 Alexan-

1919 5221 1939 5248 c
1980 5193 2157 5268 Hujus
2173 5193 2431 5268 nominis
2460 5195 2692 5268 primus.

1919 5269 1944 5304 ἀ
1983 5264 2254 5337 Atcujus
2305 5264 2526 5339 Urbani,
2579 5267 2738 5339 cujus
2792 5267 3067 5326 Tiburtii?
3101 5271 3188 5327 An
3236 5269 3446 5327 Urbani

1848 5344 2065 5463 gapaeet
2087 5337 2394 5420 martyris-il
2421 5340 2499 5394 Ita
2524 5337 2660 5395 cum
2685 5340 2880 5396 Herico
2907 5350 3133 5422 censent
3171 5341 3446 5424 Antissio-

1889 5424 2144 5463 orenses:
2192 5409 2285 5463 sed
2316 5409 2441 5463 Vlde
2479 5426 2598 5463 auaa
2637 5410 2703 5463 de
2735 5411 2837 5463 hoc
2863 5411 3014 5463 drcta
3043 5419 3172 5463 sunt
3199 5411 3266 5463 ad
3297 5413 3445 5463 diem

1889 5424 2144 5482 orenses;
2192 5409 2285 5464 sed
2316 5409 2441 5482 vide
2479 5426 2598 5482 qua:
2637 5410 2703 5466 de
2735 5411 2837 5468 hoc
2863 5411 3014 5468 dicta
3043 5419 3172 5468 sunt
3199 5411 3267 5467 ad
3297 5413 3446 5470 diem

1850 5479 1920 5555 :25
1950 5479 2098 5555 llI_a_i_i,
2134 5480 2432 5555 praesertim
2461 5479 2578 5555 pag.
2611 5483 2645 5537 9
2674 5490 2726 5555 et
2758 5489 3039 5555 sequente.
3073 5483 3340 5555 An_etiam
3377 5485 3444 5540 il-

1852 5551 1959 5605 lius
1981 5550 2239 5624 Tiburtii,
2273 5551 2340 5606 de
2360 5550 2475 5624 quo
2499 5550 2555 5607 in
2591 5554 2744 5609 Actis
2773 5550 3091 5609 Sszeciliae
3124 5553 3190 5611 V.
3218 5556 3290 5611 Μ.
3319 5557 3346 5611 Ῡ
3366 5557 3448 5611 Ita

1851 5637 2066 5702 quoque
2099 5621 2289 5702 iisdem
2323 5621 2501 5702 visum
2533 5633 2646 5702 est;
2701 5625 2795 5680 sed
2825 5627 3049 5702 consule
3079 5627 3216 5683 Acta
3260 5637 3448 5684 nostra

1851 5693 1915 5748 ad
1945 5692 2091 5749 diem
2124 5692 2186 5750 14
2215 5693 2442 5766 Aprilis,
2477 5697 2716 5751 max'me
2747 5713 2866 5769 pag.
2900 5697 3025 5753 210.

3025 5794 3094 5849 40
