4074 6186
533 183 669 244 1259

1495 165 1497 168 ‘
1538 177 1777 241 llERICI
1813 181 2137 241 MONACHI
2172 179 2836 238 ANTISSIODORENSIS

3717 177 3872 238 1260

536 341 622 396 dri
666 338 951 396 ecclesiam
997 339 1357 396 devenerunt.
1412 338 1494 394 lbi
1541 354 1664 393 cum
1720 344 2119 409 pernoctarent,
2153 343 2201 401 Α
2233 335 2553 407 aggregabat
2578 353 2591 402 ;
2620 333 2947 391 cedentibus
2966 333 3110 399 aliis,
3144 331 3240 387 alii
3271 331 3681 398 succedebant;
3709 333 3852 390 dum

541 427 769 483 candela
797 426 1026 499 prolixae
1068 427 1456 499 longitudinis,
1486 441 1596 480 uno
1639 441 1897 482 succensa
1926 425 2122 497 capite,

534 526 659 591 post
687 519 974 591 paululum
1003 536 1035 574 a
1066 527 1216 591 parte
1247 518 1352 573 alia
1381 517 1632 588 ﬂagrans,
1674 517 1950 588 utrimque
1979 533 2128 586 prae-

537 608 748 666 luxisse
779 609 899 665 visa
920 618 1021 665 est.
1054 608 1267 680 Ingenti
1292 606 1589 662 devotione
1608 605 1880 677 complexi
1899 605 2123 672 factum,

532 699 768 755 duorum
799 697 1094 770 precipuis
1118 704 1433 754 sanctorum
1467 695 1766 762 memoriis,
1798 693 2032 766 geminis
2062 693 2128 748 de

532 796 733 845 caetero
762 787 1115 844 serviendum
1160 786 1546 855 luminaribus,
1587 787 1962 842 adverterunt.
1994 783 2129 838 Exit

532 881 750 939 illuster
787 884 876 937 vir
904 881 1218 948 Lotharius,
1252 879 1493 951 ejusdem
1529 896 1710 935 comes
1736 877 2126 950 expeditionis,

532 971 682 1028 febre
719 978 1000 1040 correptus
1037 967 1338 1039 pervalida,
1385 967 1666 1023 candelam
1693 983 1792 1022 suo
1825 965 1993 1022 statui
2033 981 2131 1020 re—

531 1059 892 1134 spondentem
921 1056 1140 1124 detulit,
1175 1065 1232 1113 et
1272 1064 1399 1112 ante
1427 1073 1606 1113 sacras
1635 1064 1960 1128 pernoctans
1995 1054 2122 1109 reli-

533 1150 713 1225 quias,
747 1151 806 1205 in
837 1148 1139 1206 crastinum
1163 1165 1219 1204 se
1241 1148 1560 1204 omnimoda
1584 1147 1860 1219 languoris
1882 1147 2130 1202 molestia

535 1241 781 1295 levatum
812 1239 1004 1295 sensit.
1035 1241 1237 1295 Actum
1267 1238 1542 1294 Vulterris
1570 1248 1610 1292 ³.

609 1328 964 1401 Meginarius,
1038 1325 1283 1399 ejusdem
1341 1325 1589 1382 Lotharii
1643 1326 1953 1398 presbyter,
2020 1342 2131 1381 non

537 1419 777 1476 multum
807 1426 930 1490 post
957 1417 1104 1473 febre
1134 1431 1428 1474 succensus
1446 1416 1865 1484 violentissima,
1909 1416 2134 1473 candela

539 1515 745 1573 sanctis
775 1512 1042 1582 adhibita,
1075 1530 1237 1587 quam
1267 1515 1618 1581 excellenter,
1652 1523 1762 1571 tam
1795 1515 1954 1571 facile
1982 1531 2133 1572 cura-

545 1614 636 1662 tus
655 1612 754 1661 est.
779 1604 1072 1660 Familiare
1083 1603 1338 1677 deinceps
1351 1605 1607 1660 omnibus
1627 1605 1903 1672 effectum,
1926 1604 2133 1659 irruen-

541 1705 622 1754 tes
670 1693 776 1750 sibi
829 1709 926 1765 per
973 1701 1148 1750 totum
1194 1694 1298 1749 iter
1337 1693 1768 1764 imbecillitates,
1821 1702 2131 1750 sanctorum
2169 1705 2214 1765 Β

540 1789 860 1840 constanter
889 1783 1197 1854 imploratis
1233 1783 1574 1855 patrociniis,
1606 1783 1903 1840 declinare.

616 1874 737 1928 111.
806 1873 1060 1930 Emensis
1105 1873 1362 1944 Alpibus,
1421 1873 1488 1927 ad
1527 1881 1742 1928 sanctos
1789 1873 2140 1946 Agaunenses

542 1967 812 2031 martyres
859 1958 883 1992 δ
919 1961 1284 2015 diverterunt.
1329 1960 1409 2015 ibi
1450 1961 1516 2014 ab
1555 1961 1828 2017 Hucberto
1860 1973 1897 2029 ο,
1946 1962 2138 2017 abbate

543 2049 932 2116 famosissima,
965 2049 1180 2120 excepti
1204 2065 1368 2119 quam
1390 2049 1756 2116 familiariter,
1789 2052 1924 2105 tanti
1948 2052 2136 2122 fatiga-

539 2137 747 2192 tionem
787 2137 1002 2194 itineris
1031 2138 1192 2208 plena
1214 2136 1320 2190 viri
1351 2137 1757 2206 benevolentia,
1782 2139 1990 2210 ingenti
2011 2141 2135 2196 reli-

541 2231 819 2303 giosorum
866 2229 1084 2296 affectu,
1130 2229 1276 2300 larga
1313 2227 1550 2300 denique
1585 2229 1758 2284 totius
1792 2230 2137 2286 liberalitatis

536 2318 880 2391 indulgentia
923 2319 1256 2374 relevarunt.
1302 2316 1514 2375 Dehinc
1541 2317 1782 2374 oblatam
1811 2319 1916 2375 sibi
1961 2337 2137 2392 nego—

538 2409 602 2464 tii
628 2408 1102 2481 opportunitatem
1123 2407 1445 2464 intentatam
1464 2407 1718 2482 linquere
1745 2425 1853 2465 non
1873 2409 1979 2465 sibi
1998 2409 2134 2465 inte-

535 2516 692 2572 grum
735 2499 852 2554 fore
884 2497 1230 2567 arbitrantes,
1263 2507 1575 2556 sanctorum
1608 2500 2018 2571 Agaunensium
2055 2518 2135 2559 re-

536 2588 737 2660 liquias
767 2604 797 2642 a
824 2589 1224 2660 praenominato
1252 2589 1498 2660 principe
1539 2589 1836 2661 poscendas
1865 2591 2134 2648 decreve-

535 2685 685 2733 runt.
722 2678 792 2745 Is,
828 2677 1048 2734 volente
1074 2678 1209 2747 Deo,
1232 2679 1379 2750 quod
1408 2679 1805 2750 postulabatur,
1829 2681 2044 2753 excepit
2070 2683 2131 2738 li-

533 2772 878 2841 bentissime,
935 2774 1082 2845 quod
1112 2781 1166 2830 et
1203 2775 1341 2831 viris
1370 2785 1510 2832 esset
1539 2777 2021 2849 familiarissimus,
2055 2788 2128 2848 et,

536 2864 725 2925 utpote
775 2860 1056 2915 saecularia
1103 2863 1376 2918 meditans
1418 2873 1654 2934 tantum,
1706 2867 1763 2921 in
1815 2877 2126 2925 sanctorum

535 2945 832 3017 largiendis
851 2950 1177 3022 patrociniis
1204 2969 1315 3008 non
1344 2956 1475 3010 satis
1503 2959 2125 3031 avarus.Quamobrem,

528 3053 811 3096 sacrorum
835 3057 1126 3113 corporum
1151 3043 1326 3099 accito
1345 3046 1592 3114 custode,
1616 3050 1841 3119 pretiosi
1865 3054 2126 3123 martyris
2158 3065 2201 3126 ρ

527 3127 772 3184 Mauritii
824 3132 1293 3203 complectendam
1333 3135 1689 3208 reliquiarum
1736 3149 1945 3212 partem
1999 3159 2122 3199 cum

529 3215 843 3274 venerando
871 3221 1048 3292 capite
1077 3223 1250 3279 sancti
1274 3225 1602 3296 Innocentii,
1637 3229 1923 3300 legionarii
1955 3249 2126 3305 quon-

531 3307 657 3363 dam
691 3307 826 3380 ejus,
880 3309 1263 3368 incunctanter
1292 3315 1477 3387 largiri
1526 3320 1803 3391 praecepit.
1852 3321 1912 3376 Id
1943 3338 2127 3394 quan—

532 3412 696 3468 quam
724 3414 913 3455 omnes
944 3400 1150 3456 ferrent
1177 3403 1478 3474 aegerrime,
1510 3405 1752 3463 obtinuit
1781 3417 1963 3466 tamen
1996 3411 2126 3482 jus-

529 3486 612 3541 sio
644 3487 912 3560 principls
955 3488 1334 3547 indifferenter
1370 3493 1433 3561 (ξί.
1481 3511 1523 3550 e.
1558 3495 1770 3566 statim)
1803 3497 1942 3566 ﬁeri,
1979 3500 2125 3571 quod

530 3575 770 3633 volebat.
824 3577 1091 3635 Votorum
1140 3588 1441 3652 compotes,
1494 3583 1597 3638 iter
1643 3595 1917 3658 repetunt,
1961 3587 2125 3657 justis

530 3682 744 3741 semper
782 3667 1056 3724 faventem
1097 3670 1556 3742 dispositionibus
1592 3675 1872 3746 impendio
1906 3678 2125 3748 gloriﬁ-

529 3765 715 3814 cantes
742 3759 939 3815 Deum.

602 3848 1002 3922 Obsequiorum
1041 3865 1166 3923 erga
1191 3857 1407 3906 sanctos
1432 3853 1710 3922 splendor,
1735 3854 2124 3927 signorumque

532 3938 844 4011 frequentia
886 3941 1269 4010 circumjectos
1315 3941 1514 4010 passim
1545 3943 1776 4013 populos
1814 3946 2122 4015 spectaculo

607 4037 625 4056 ‘
670 4030 946 4104 Vulteijrte,
981 4030 1115 4104 alias
1142 4031 1467 4104 j’olaterraz,
1498 4033 1662 4103 vulgo
1702 4034 1962 4104 Volterra,
1994 4036 2125 4092 urbs

533 4105 614 4154 est
640 4099 1026 4170 antiquissima
1054 4101 1112 4157 in
1141 4101 1398 4157 Hetruria
1421 4110 1475 4158 et
1495 4099 1622 4176 agro
1654 4105 1869 4162 Pisano.

602 4186 622 4267 _"
646 4189 710 4267 _Id
745 4195 826 4267 est
862 4187 931 4244 ad
967 4189 1280 4267 coenobium
1309 4191 1506 4267 horum
1552 4202 1858 4267 martyrum
1899 4198 2122 4253 nomine

530 4259 950 4338 celeberrimum
1002 4261 1059 4316 in
1110 4263 1398 4338 loco,__ubi
1438 4259 1746 4338 passi‘sunt
1791 4283 1852 4338 ac
1898 4270 2119 4338 sepulti,

528 4331 760 4401 Agauno
781 4347 875 4386 seu
895 4335 1143 4401 Acauno,
1177 4333 1237 4388 in
1257 4331 1478 4392 dioecesi
1501 4335 1803 4396 Sedunensi
1819 4338 1886 4392 ad
1910 4331 2122 4396 Rhoda;

532 4417 667 4483 num
696 4402 1264 4483 fl_uvium,_Sedunu_m
1297 4405 1555 4483 inter_et_
1586 4408 1762 4483 lacum
1793 4409 2113 4480 Lemanum,
2146 4426 2194 4483 ι)

529 4472 624 4550 sed
645 4472 799 4550 _huic_
812 4474 1088 4550 propiore,
1119 4477 1284 4550 vulgo
1315 4478 1370 4533 S.
1404 4478 1604 4550 ,Morits
1621 4496 1641 4543 ;
1671 4479 1738 4534 de
1767 4495 1874 4550 quo
1915 4472 2116 4539 mona;

529 4543 696 4622 sterio
745 4543 874 4622 vide
916 4543 1370 4622 Sammarth'anos
1399 4549 1455 4604 in
1502 4543 2114 4622 Abbatiis'Galliarum,

528 4613 625 4669 ubi
655 4613 1280 4690 de_Agauno.iMartyres
1299 4627 1480 4674 autem
1511 4621 1568 4675 hi
1597 4630 1725 4676 sunt
1746 4621 1799 4677 S.
1829 4613 2118 4681 Mauritius

2237 434 2290 482 et
2318 426 2417 481 hos
2446 441 2590 480 nova
2633 431 3012 496 perceptorum
3058 421 3451 478 beneﬁciorum
3489 423 3665 495 gratia
3698 425 3860 482 laetos

2237 517 2294 570 in
2317 532 2419 572 sua
2449 513 2718 581 recedere,
2749 521 2802 568 et
2833 513 2959 568 illos
2988 512 3470 585 percipiendorum
3502 529 3630 584 spes
3655 515 3858 570 alacri-

2236 609 2320 657 ter
2353 602 2663 674 impelleret
2693 620 3006 675 properare.

2312 692 2432 747 112.
2479 693 2704 748 Publice
2733 693 2970 748 famosus
2990 701 3043 748 et
3064 692 3268 747 famose
3283 691 3541 764 publicus
3564 692 3726 746 locus
3757 700 3856 759 est,

2239 781 2439 837 Orbam
2470 794 2494 829 ἀ
2525 783 2690 853 vulgo
2753 782 3168 854 cognominant.
3223 783 3305 838 Eo
3363 799 3492 837 cum
3543 782 3858 850 venissent,

2238 872 2422 942 puella
2443 870 2718 926 infantula
2737 872 2854 942 ejus
2885 871 3012 937 loci,
3046 872 3262 926 Osanna
3289 872 3536 938 nomine,
3561 889 3735 943 quam
3773 887 3857 926 na.

2239 961 2426 1016 tivitas
2453 969 2508 1016 et
2559 969 2765 1017 mutam
2805 960 3141 1032 produxerat
3172 968 3224 1016 et
3255 969 3615 1029 contractam,
3647 961 3860 1017 auditis

2241 1050 2591 1122 psallentium
2642 1051 2973 1122 populorum
3005 1050 3257 1118 vocibus,
3295 1052 3449 1106 miris
3483 1051 3854 1122 perveniendi

2239 1139 2308 1194 ad
2337 1146 2552 1195 sanctos
2581 1139 2880 1211 angebatur
2923 1139 3236 1196 desideriis.
3271 1139 3331 1196 Id
3363 1141 3493 1213 quia
3525 1141 3710 1196 verbis
3745 1157 3857 1196 non

2241 1235 2469 1300 poterat,
2503 1237 2657 1300 gestu
2681 1227 2927 1301 corporis
2955 1235 3008 1283 et
3034 1227 3271 1283 stridore
3303 1228 3547 1284 faucium
3577 1229 3844 1284 declara-

2240 1317 2353 1373 bat.
2383 1317 2572 1372 Aridis
2600 1318 2825 1373 tandem
2857 1317 3042 1373 nervis
3074 1317 3332 1390 reptilem
3362 1325 3706 1390 extorquens
3739 1335 3854 1389 gra-

2241 1407 2395 1476 dum,
2447 1407 2623 1475 enisu,
2657 1424 2765 1480 quo
2809 1407 3009 1480 potuit,
3059 1408 3328 1480 pervenit.
3361 1408 3488 1462 Mox
3520 1415 3686 1462 tantae
3718 1406 3856 1461 ﬁdes

2243 1507 2588 1554 remunerata
2640 1499 2846 1566 fructu,
2897 1498 3097 1569 ignotae
3147 1497 3517 1565 rectitudinis,
3575 1497 3856 1552 universis

2245 1590 2595 1660 mirantibus,
2618 1592 2823 1663 recepit
2849 1608 3034 1647 usum.
3060 1590 3201 1646 Hinc
3222 1590 3388 1646 sacris
3409 1592 3850 1658 communicaris,

2245 1680 2544 1737 sacerdotis
2565 1679 2725 1752 jussu
2753 1679 3038 1752 respondit
3063 1680 3282 1735 :Amen.
3306 1680 3392 1734 Ex
3413 1697 3475 1735 eo
3506 1680 3662 1752 pleni
3692 1697 3851 1736 com-

2247 1787 2342 1842 pos
2372 1770 2601 1842 eloquii,
2631 1771 2700 1827 ad
2729 1770 2911 1826 locum
2940 1786 3133 1843 usque,
3155 1769 3250 1842 qui
3271 1770 3427 1826 Arlia
3458 1769 3693 1838 dicitur,
3717 1787 3845 1827 sane

2247 1866 2332 1914 tos
2358 1867 2646 1931 prosecuta
2670 1868 2772 1916 est.

2317 1951 2529 2009 Dehinc
2559 1953 2617 2008 in
2647 1954 2862 2022 villam,
2893 1952 2983 2009 cui
3005 1952 3257 2024 Botgalia
3284 1963 3306 1990 ο
3335 1969 3562 2022 nomen,
3592 1972 3718 2010 cum
3755 1972 3845 2010 ve-

2247 2041 2475 2110 nissent,
2508 2042 2730 2112 quidem
2763 2040 2883 2112 ejus
2906 2041 3036 2109 loci,
3069 2042 3308 2098 caducus
3340 2059 3370 2098 a
3396 2059 3583 2114 puero,
3615 2043 3752 2099 adeo
3786 2052 3846 2099 ut

2247 2147 2343 2203 per
2367 2131 2485 2186 dies
2513 2131 2759 2202 singulos
2784 2132 3046 2188 caducam
3078 2146 3191 2186 non
3217 2133 3382 2187 semel
3413 2133 3726 2188 allisionem
3756 2151 3844 2206 pa-

2245 2227 2472 2290 teretur,
2503 2219 2700 2292 raptim
2721 2220 2791 2276 ad
2813 2229 3030 2277 sanctos
3058 2221 3304 2278 cucurrit
3330 2240 3342 2288 ;
3368 2222 3635 2278 feretrum
3668 2225 3836 2282 vexit:

2247 2309 2429 2366 triduo
2459 2317 2798 2381 prosecutus,
2831 2310 2974 2365 nihil
2999 2311 3222 2368 demum
3253 2311 3380 2366 mali
3414 2329 3607 2384 passus
3637 2324 3740 2370 est.

2318 2400 2438 2456 113.
2481 2399 2623 2456 Hinc
2672 2399 2740 2454 ad
2772 2399 2985 2456 Salinas
3016 2393 3034 2428 ί
3058 2409 3307 2456 ventum.
3354 2402 3512 2457 Pater
3543 2404 3831 2474 parvulum

2244 2487 2443 2557 ﬁlium,
2510 2488 2885 2546 contractione
2913 2497 3133 2546 artuum
3180 2491 3537 2560 imbecillem,
3603 2495 3843 2552 humeris

2243 2577 2534 2642 vectitans,
2562 2577 2664 2632 sub
2689 2577 2949 2633 feretrum
2971 2581 3300 2651 composuit.
3326 2581 3493 2637 Paulo
3525 2591 3651 2655 post
3681 2586 3842 2657 cmpit

2242 2665 2397 2736 erigi,
2427 2674 2481 2720 et
2511 2674 2720 2738 patrem
2753 2667 2919 2722 anxie
2949 2667 3271 2726 inclamare.
3296 2670 3483 2726 Exciti
3510 2689 3710 2728 omnes
3740 2691 3842 2727 vo-

2242 2756 2417 2824 cibus,
2441 2757 2574 2816 hinc
2601 2757 2730 2814 inde
2753 2767 3096 2815 concurrunt
3121 2779 3134 2828 ;
3159 2760 3494 2818 incolumem
3523 2762 3838 2820 inveniunt:

2242 2855 2394 2918 pater
2439 2847 2541 2903 sub
2589 2849 2767 2905 oculis
2816 2849 3067 2905 omnium
3111 2867 3305 2907 sanum
3355 2853 3631 2925 recipiens
3662 2855 3837 2910 ﬁlium

2240 2957 2383 3009 sum,
2405 2941 2738 2998 immensum
2769 2942 2926 2998 laetus
2952 2943 3164 3000 revexit
3193 2943 3260 3001 ad
3282 2945 3520 3017 propria.
3555 2947 3764 3003 Actum
3788 2949 3838 3002 in

2238 3031 2469 3086 ecclesia
2497 3031 2671 3087 sancti
2701 3031 2928 3088 Joannis
2959 3033 3240 3106 Baptista,
3273 3032 3396 3090 vico
3427 3035 3672 3106 publico.

2307 3119 2517 3176 Saltum
2565 3121 2872 3178 Mortkalire
2923 3151 2947 3185 ε
2994 3124 3266 3196 ingressos
3328 3141 3486 3180 novae
3535 3125 3838 3184 hilaritatis

2236 3207 2443 3264 amavit
2490 3226 2740 3266 accessus
2775 3230 2787 3266 :
2838 3228 3075 3283 namque
3112 3214 3258 3269 inter
3290 3221 3581 3270 ventorum
3611 3217 3835 3288 impetu-

2237 3306 2290 3354 et
2327 3299 2544 3372 pluvias
2593 3300 2969 3369 vehementes,
3002 3302 3111 3358 duo
3162 3304 3302 3359 cerei
3333 3320 3615 3360 sacrorum
3645 3307 3834 3378 pum-ii

2237 3393 2551 3464 pignorum,
2588 3394 2896 3451 inextincto
2921 3412 3016 3472 per
3034 3395 3181 3452 diem
3209 3404 3378 3452 totam
3411 3398 3622 3455 lumine
3643 3401 3833 3473 perdu-

2237 3492 2446 3540 rarunt.
2480 3485 2559 3540 Ita
2607 3493 2921 3541 sanctorum
2953 3486 3145 3556 gratia,
3195 3486 3399 3558 quibus
3427 3486 3831 3558 deferebantur,

2236 3571 2549 3629 evidentius
2591 3575 2884 3642 contutati,
2927 3575 3202 3631 indefesso
3241 3575 3421 3631 ofﬁcio
3472 3586 3525 3633 et
3556 3577 3756 3635 imbres
3783 3590 3834 3637 et

2235 3660 2459 3717 ﬂamina
2488 3671 2960 3736 contempserunt.

2305 3755 2367 3809 In
2416 3753 2607 3809 villam
2648 3756 2771 3828 pagi
2799 3755 3174 3823 Amausensis,
3202 3772 3320 3829 quae
3347 3773 3577 3830 campus
3614 3759 3784 3817 Vellii
3809 3785 3829 3820 δ

2234 3843 2456 3911 dicitur,
2482 3861 2608 3900 cum
2635 3845 2933 3914 venissent,
2962 3846 3162 3901 mulier
3179 3845 3246 3900 ab
3278 3847 3396 3917 ipso
3422 3851 3661 3905 materni
3699 3855 3831 3909 uteri

2235 3938 2386 3986 muta
2413 3949 2718 4004 progressu,
2743 3932 2849 3988 ﬁde
2866 3934 3025 4004 plena
3043 3933 3322 3990 concurrit
3349 3951 3584 4006 ;precem
3608 3937 3792 3993 fundit
3815 3958 3828 4002 ;

2234 4019 2531 4076 infeliciter
2559 4039 2724 4090 anno,
2741 4021 2902 4090 juxta
2924 4023 3166 4080 Annales
3189 4023 3526 4078 Francorum
3563 4025 3829 4082 Bertinia-

2234 4107 2352 4165 nos,
2384 4092 2511 4165 864.,
2541 4094 2705 4149 Plura
2731 4092 2797 4149 de
2821 4093 2926 4151 hoc
2955 4095 3199 4152 Annales
3227 4093 3581 4151 Benedictini
3610 4105 3745 4153 tom.
3776 4098 3826 4165 3,

2233 4162 2369 4218 locis
2399 4164 2586 4220 variis.

2303 4255 2327 4288 «ι
2364 4236 2504 4318 ργρα
2550 4236 2812 4318 oppidum
2842 4237 3238 4318 est_Helvetiae,
3269 4254 3378 4318 qua
3400 4238 3826 4318 ad_BI_1rgundie

2232 4305 2556 4384 comitatum
2579 4305 2776 4384 vergit,
2807 4308 3050 4381 ejusdem
3078 4305 3324 4384 nominis
3346 4310 3520 4366 ﬂuvio
3547 4305 3824 4383 imposita,

2232 4379 2378 4451 inter
2405 4379 2585 4451 lacum
2615 4379 2916 4451 Lemanum
2947 4397 3043 4436 seu
3073 4380 3506 4450 Gehennensem,
3538 4390 3594 4438 et
3630 4379 3824 4451 alium,

2227 4446 2310 4502 illi
2343 4448 2779 4533 a’Septen’t‘rione
2806 4453 3146 4533 proxipuiii,
3177 4446 3644 4533 Novoburgicum.

2297 4535 2338 4594 ᾗ
2356 4520 2535 4592 Vulgo
2584 4520 2905 4594 Bougeaz'lle,
2950 4520 3150 4580 Orbam
3203 4523 3349 4580 inter
3387 4520 3466 4580 et'
3487 4525 3728 4593 Salinas,
3761 4525 3825 4582 de

2226 4590 2427 4661 quibus
2460 4590 2610 4649 mox.

528 4693 582 4739 et
609 4686 742 4741 socii
766 4663 2118 4764 milites.legioni{Thai};,“deuqiiibus‘age‘ndun:
2223 4731 2265 4786 Β
2297 4663 2315 4698 ί
2351 4664 2567 4745 301W»
2599 4681 2696 4721 ver
2697 4666 2890 4748 “301319
2923 4667 3122 4749 δᾳίίῗδδθ
3155 4665 3416 4786 OPP‘d.“m
3450 4668 3508 4723 in
3538 4667 3824 4749 cqmium

528 4755 630 4786 mm
655 4756 724 4786 oo
754 4757 1086 4786 e--......i.-:..
2271 4734 2593 4786 ummldlco-
2630 4737 2890 4786 tredemm
2924 4747 3143 4786 mrmtar
3207 4756 3357 4786 armis
3387 4738 3530 4786 ()rlia
3559 4738 3822 4786 disertum

527 4755 632 4809 erit
655 4756 724 4811 22
753 4755 1106 4828 Septembris.

595 4849 617 4870 ⁸
648 4844 782 4924 Erat
809 4846 1098 4924 Hucbgrtas
1119 4849 1285 4924 frater
1303 4849 1698 4924 Theodeberga}
1725 4855 1944 4924 reginae,
1977 4871 2110 4910 uxo-

524 4914 895 4996 risJLotharii
943 4918 1312 4996 Lotharingiae
1361 4914 1693 4996 registejus
1749 4914 1842 4996 qui
1876 4914 2111 4996 ,n'ullare

521 4987 708 5067 notior
735 4988 860 5057 fuit,
879 5005 1041 5067 quam
1070 4987 1263 5067 infami
1286 5009 1410 5047 cum
1426 4987 1735 5067 VW'ald'rada
1756 4987 1948 5067 pellice
1963 5013 2108 5052 com-

519 5058 745 5138 mercio,
794 5058 938 5138 quod
985 5077 1146 5117 ausus
1200 5063 1384 5138 Romae
1425 5058 1777 5138 perjurioraé
1820 5067 2106 5138 sacrilegio

519 5130 991 5208 tueri,.terrib_iles
1034 5149 1158 5189 cum
1193 5134 1317 5208 suis
1345 5130 1697 5208 Deov'indici
1721 5153 1910 5208 poenas
1953 5130 2105 5196 dedit

515 5216 663 5281 anno
692 5201 817 5281 869:
846 5204 1158 5281 Hucbertus,
1192 5205 1321 5262 licet
1343 5206 1574 5281 clericus
1597 5201 1910 5281 aliquando,
1937 5227 2103 5268 saecu-

513 5271 683 5349 larem
726 5273 984 5348 deinceps
1031 5271 1201 5349 vitam
1233 5277 1506 5349 professus
1533 5287 1650 5345 est;
1689 5271 1854 5336 'abbas
1894 5271 2102 5340 interea

512 5345 835 5424 multarum,
867 5345 1002 5424 quas
1030 5345 1556 5424 partim'acceperat,
1581 5351 1778 5424 partim
1803 5352 2095 5422 invaserat,

517 5413 900 5495 alibatiarum;
922 5413 1309 5495 famosissimas
1339 5413 1446 5477 fuit
1492 5413 1601 5477 non
1641 5423 1961 5492 virtutibus,
2003 5413 2096 5482 sed

512 5488 684 5568 vitiis,
734 5504 803 5568 ac
825 5488 1066 5547 decOctis
1093 5490 1431 5568 direptisque
1443 5495 1759 5568 praesertim
1802 5488 2094 5568 coenobio-

512 5565 658 5626 rum,
691 5558 891 5633 quibus
905 5569 1153 5635 praeerat,
1186 5558 1558 5624 faculiatibus.
1581 5565 1750 5624 Periit
1768 5583 1898 5624 vero
1918 5567 2092 5642 etipse

2271 4734 2594 4804 urgundico,
2630 4737 2892 4794 tredecim
2924 4734 3143 4795 circiter
3187 4734 3357 4794 le'ucis
3387 4738 3530 4795 Orba
3559 4738 3822 4797 dissitum

2220 4803 2286 4857 ad
2319 4803 2680 4864 occidentem.

2290 4905 2320 4954 τί
2338 4876 2667 4954 Μογιλοαιέφ.
2696 4881 2953 4954 Δμειλειιη]
3003 4881 3196 4954 codice
3240 4889 3430 4954 nostro
3460 4882 3820 4954 Lugdunensi

2218 4945 2544 5023 legitetiam
2568 4949 2649 5023 Ch
2676 4950 2907 5023 iﬁletius,
2953 4951 3177 5018 addens,
3219 4953 3385 5023 vulgo
3423 4945 3627 5008 saltum
3669 4954 3821 5010 hunc

2215 5018 2477 5087 appellari
2508 5021 2636 5074 Bois
2655 5022 2717 5075 de
2744 5018 3017 5079 MouChar.
3051 5023 3236 5079 Codex
3257 5018 3621 5079 V'alcellensis
3654 5025 3819 5081 habet

2214 5088 2480 5164 Mortalia:
2511 5109 2524 5158 ;
2552 5091 2803 5164 Labbeus
2830 5094 3199 5150 Montiskattaz.
3233 5095 3384 5149 Patet
3412 5104 3619 5164 autem,
3644 5098 3815 5152 situm

2211 5156 2374 5284 illum
2403 5156 2516 5218 esse
2545 5163 2604 5218 in
2634 5164 2912 5221 Comitatu
2940 5165 3310 5237 Burgundico,
3335 5165 3552 5221 Salinas
3583 5156 3735 5225 inter
3764 5176 3814 5223 et

2265 5247 2450 5284 rarim.

2265 5247 2450 5288 rarim.

2279 5327 2302 5363 h
2343 5303 2978 5382 Ver_nacul_e_0hamblay,
3002 5316 3064 5364 ut
3083 5309 3150 5382 ad
3183 5309 3485 5382 marginem
3507 5309 3594 5382 sui
3625 5317 3811 5366 textus

2206 5372 2490 5459 adnotavit
2521 5376 2848 5459 Chiﬁletius.
2868 5372 3088 5459 Dépago
3105 5372 3425 5436 Amaus'énsi
3439 5381 3585 5459 nihil
3610 5384 3805 5459 reperi;

2202 5453 2424 5572 gppait'et
2467 5453 2644 5503 tamen
2703 5465 2768 5504 ex
2823 5450 2925 5508 hoc
2975 5450 3195 5522 itinere,
3245 5469 3352 5528 quo
3409 5451 3640 5511 circiter
3673 5450 3808 5512 "loco

2227 5532 2344 5572 ueri
2377 5561 2388 5572 .
