4066 6190
219 362 347 422 1261

1164 365 1259 422 DE
1296 365 1674 424 MIRACULIS
1713 368 1767 426 S.
1810 367 2151 426 GERMANI.
2191 400 2260 412 --
2303 372 2435 429 LIB.
2479 375 2547 430 II.

3370 376 3512 435 1262

212 518 466 575 eﬂ'ectum
499 519 673 590 precis
703 528 995 576 consecuta
1022 527 1122 575 est.
1147 520 1303 578 Illico
1334 520 1529 576 intima
1558 521 1799 578 faucium
1832 532 1880 590 Α
1910 531 2014 591 est,
2077 532 2376 595 comperta
2426 527 2702 584 virtutum
2747 528 2914 597 fama,
2945 542 3009 585 eo
3050 544 3291 600 gressum
3332 531 3526 590 tender-

212 613 417 677 negatae
464 606 674 662 dudum
726 608 878 664 vocis
911 626 1098 683 cepere
1130 625 1406 678 canorem,
1455 619 1812 683 promptaque

210 695 500 750 verborum
553 695 834 752 afﬂuentia
870 697 1122 754 diuturni
1149 698 1350 754 damna
1393 699 1598 755 silentii
1650 717 1812 757 com-

208 791 522 856 pensarunt.
568 783 660 841 Sic
689 802 1004 843 concessum
1031 787 1362 844 beneﬁcium
1393 789 1658 846 exercitio
1686 807 1809 846 ser-

210 872 386 930 monis
427 889 780 946 exaggerans,
836 878 1053 933 Ararim
1101 887 1122 912 ¹¹
1166 894 1340 950 usque
1379 887 1663 950 prosecuta
1705 888 1804 950 est,

209 962 491 1019 misertum
525 963 612 1019 sui
643 964 926 1036 plasmatis
955 975 1008 1024 et
1036 967 1235 1024 aﬂ'ectu
1264 975 1318 1022 et
1344 969 1574 1025 vocibus
1603 970 1808 1026 collau-

205 1052 336 1109 dans
367 1055 563 1110 Deum.

272 1143 390 1199 114.
418 1143 558 1200 Hinc
579 1143 692 1200 illis
716 1160 913 1216 pagum
935 1145 1290 1202 Oscarensem
1323 1155 1345 1189 b
1365 1149 1798 1218 permeantibus,

201 1232 380 1306 puella
409 1232 614 1301 infans,
647 1232 878 1289 honesto
907 1235 1027 1290 loco
1047 1243 1195 1303 nata,
1222 1251 1341 1308 quae
1365 1243 1417 1290 et
1445 1235 1560 1308 ipsa
1585 1240 1801 1310 cognati

202 1322 508 1396 patiebatur
538 1325 870 1381 detrimenta
897 1325 1128 1394 silentii,
1162 1325 1227 1381 de
1249 1327 1375 1382 sinu
1405 1329 1638 1385 nutricis
1659 1331 1799 1386 exsi-

199 1413 356 1480 liens,
389 1430 551 1469 cursu
583 1414 932 1486 rapidissimo
960 1415 1028 1472 ad
1049 1416 1276 1472 Sanctos
1303 1418 1488 1484 venit;
1519 1420 1795 1491 amplexo-

195 1521 296 1578 que
325 1505 549 1574 feretro,
584 1523 712 1562 suos
737 1508 924 1564 adesse
952 1508 1228 1578 dominos,
1253 1509 1420 1565 etiam
1446 1521 1608 1585 atque
1628 1514 1796 1569 etiam

191 1594 544 1667 inexplebilis
575 1596 924 1654 inclamabat.
949 1598 1041 1654 Sic
1063 1599 1262 1670 linguae
1285 1600 1509 1658 vinculo
1532 1603 1793 1673 resoluto,

190 1683 380 1740 laudes
408 1701 668 1757 aggerans
697 1687 973 1756 laudibus,
1003 1689 1072 1744 ad
1109 1696 1347 1745 castrum
1388 1705 1561 1763 usque
1592 1692 1796 1748 Divio-

187 1788 311 1828 nem
353 1790 374 1817 ο
421 1790 604 1830 comes
643 1775 934 1832 individua
982 1777 1322 1850 perduravit.
1374 1779 1534 1835 Pater
1577 1780 1696 1852 ejus
1741 1791 1794 1838 et

1923 613 2169 669 animum
2200 614 2446 672 induxit.
2480 618 2612 673 Erat
2641 635 2772 674 sane
2804 618 3074 692 paralysis
3102 619 3358 676 violenta
3389 623 3523 678 totis

1920 703 2150 760 artubus
2177 706 2474 760 resolutus.
2511 707 2587 761 Ea
2616 715 2797 774 nocte,
2835 708 2995 780 cujus
3024 709 3294 781 postridie
3329 711 3524 783 profe—

1919 791 2159 850 ctionem
2192 794 2437 866 parabat,
2471 793 2771 852 dormienti
2800 797 2849 850 ei
2874 796 3183 862 vir,habitu
3215 798 3519 872 pontiﬁcis,

1917 885 2164 956 speciosa
2191 885 2392 940 canitie
2414 891 2712 956 spectatus,
2735 885 2988 956 apparuit
3014 903 3026 940 :
3059 902 3222 959 seque
3239 888 3519 946 Urbanum

1915 974 2198 1029 confessus
2230 993 2240 1030 :
2268 975 2430 1041 Ecce,
2465 974 2667 1046 inquit,
2692 990 2858 1029 sanus
2880 973 3078 1038 factus,
3105 976 3517 1034 incommodum

1914 1062 2237 1128 excessisti;
2273 1072 2652 1117 verumtamen
2691 1069 2835 1118 recta
2865 1078 3044 1134 perge,
3097 1079 3207 1135 quo
3252 1063 3520 1120 decreve-

1914 1169 2020 1223 ras,
2054 1170 2117 1210 ac
2156 1171 2253 1226 pro
2284 1154 2460 1210 salute
2520 1161 2738 1226 recepta
2794 1169 3037 1225 congrua
3066 1164 3347 1212 memento
3391 1165 3520 1214 vota

1913 1244 2243 1315 persolvere.
2280 1243 2532 1299 Jubentis
2560 1242 2803 1298 edictum
2853 1241 3167 1298 obedientia
3195 1259 3377 1300 comes
3409 1263 3518 1301 ex-

1910 1332 2080 1403 cepit,
2114 1348 2471 1404 pergensque,
2525 1339 2586 1388 ut
2619 1332 2956 1403 imperatum
2983 1338 3117 1400 erat,
3149 1333 3296 1406 quod
3327 1350 3511 1390 secum

1909 1430 2090 1479 actum
2114 1423 2313 1490 fuerat,
2353 1423 2530 1495 palam
2560 1421 2851 1495 explicuit.

1985 1515 2104 1572 116.
2137 1515 2286 1569 Exin
2332 1515 2523 1570 multis
2574 1515 2755 1570 locum
2799 1515 3190 1586 expetentibus
3221 1515 3512 1572 innumera

1909 1606 2250 1678 praestitere;
2311 1606 2528 1663 cunctis
2584 1613 2858 1679 postremo
2911 1606 3017 1662 rite
3073 1608 3512 1680 supplicantibus

1908 1697 2219 1754 indubitata
2257 1715 2437 1754 rerum
2470 1685 2748 1754 evidentia
2776 1713 2891 1753 sese
2929 1696 3232 1754 exhibuere
3261 1716 3510 1771 praesen—

1907 1789 2186 1845 tissimos:
2220 1790 2477 1862 quodque
2508 1796 2721 1860 gratum
2753 1787 3012 1856 habeant,
3047 1787 3277 1844 honesta
3292 1788 3398 1844 sibi
3441 1789 3499 1845 in

187 1875 366 1924 mater
393 1867 496 1925 iter
515 1871 802 1942 agentibus
827 1874 1179 1945 postmodum
1207 1873 1576 1945 competentia
1606 1873 1792 1928 itineri
1821 1891 1866 1949 Β
1906 1879 2026 1933 loco
2055 1878 2257 1934 deferri
2297 1878 2542 1946 servitia,
2562 1877 2820 1950 plurimis
2849 1885 3142 1950 expertum
3168 1877 3369 1946 modis,
3389 1895 3500 1934 una

187 1976 424 2019 munera
445 1962 811 2021 destinarunt.

254 2048 590 2108 Alisiensem
639 2061 761 2124 post
791 2053 909 2110 haec
941 2060 1383 2124 pertranseuntes
1427 2068 1626 2124 pagum
1657 2054 1700 2120 ἀ,
1736 2053 1793 2108 in

183 2135 346 2204 villa,
379 2153 498 2209 quae
529 2139 739 2194 Fanum
761 2140 986 2206 dicitur,
1010 2149 1228 2196 noctem
1258 2139 1584 2210 exigendam
1609 2139 1791 2197 decre-

176 2233 406 2281 verunt.
456 2226 704 2282 Ecclesia
749 2225 867 2297 ejus
899 2226 1005 2282 loci
1037 2227 1181 2281 beati
1234 2227 1493 2282 Germani
1527 2229 1791 2286 solemnis

174 2327 397 2377 constat
429 2321 674 2376 nomine.
708 2321 771 2376 In
803 2320 906 2377 hac
936 2322 1172 2393 pretiosa
1209 2330 1526 2380 sanctorum
1557 2325 1788 2398 pignora

173 2409 544 2466 collocarunt.
578 2410 767 2464 Puella
794 2410 905 2465 fere
929 2409 1240 2467 duodennis
1268 2410 1585 2482 advenerat,
1622 2430 1786 2487 quam

175 2499 532 2556 deformitate
579 2500 882 2556 damnabili
939 2500 1069 2556 colli
1101 2502 1441 2574 cervicisque
1472 2504 1782 2560 contractio

174 2585 477 2642 humerum
525 2587 816 2657 complexa
861 2586 1138 2658 turpabat.
1182 2588 1309 2646 Haec
1357 2591 1680 2662 pervigilem
1723 2593 1782 2648 in

171 2677 406 2733 ecclesia
428 2685 644 2734 noctem
677 2677 901 2748 ducens,
929 2686 982 2735 et
1014 2687 1324 2752 praeoptataa
1356 2681 1520 2737 saluti
1553 2689 1606 2738 et
1628 2682 1781 2738 abso-

171 2766 303 2822 lutae
327 2766 734 2839 pulchritudini
754 2769 1231 2838 restituta,coelum
1245 2771 1426 2843 ipsum
1441 2771 1584 2827 votis
1597 2778 1650 2826 et
1668 2773 1778 2827 lau-

167 2856 339 2913 dibus
390 2857 669 2914 onerabat.
704 2859 975 2914 Auctores
1024 2858 1279 2916 beneficii
1322 2859 1775 2916 Antissiodorum

172 2955 486 3016 prosecuta,
551 2948 862 3004 sautaribus
936 2948 1214 3021 obsequiis
1287 2949 1564 3020 integrum
1617 2950 1777 3021 exegi

163 3050 403 3090 annum.
473 3073 476 3076 -

236 3132 300 3187 In
336 3133 549 3202 villam,
583 3133 974 3207 Pompeiacum
1006 3134 1237 3205 dictoni,
1269 3138 1571 3205 venientes,
1606 3140 1663 3194 in
1691 3154 1772 3194 ec-

1906 1975 2144 2034 tantum,
2201 1966 2497 2038 eademque
2546 1966 2800 2038 perbrevi
2858 1967 3156 2022 admodum
3236 1967 3504 2024 relatione

1904 2054 2198 2110 constabit.
2233 2055 2388 2108 Beati
2414 2055 2675 2126 martyris
2691 2054 2930 2110 Tiburtii
2954 2055 3368 2113 anniversarius
3388 2074 3502 2130 pas-

1902 2143 2075 2199 sionis
2099 2142 2218 2198 dies
2244 2142 2630 2209 advenerat,et
2657 2143 2742 2213 pia
2775 2144 3008 2198 fratrum
3032 2143 3258 2199 devotio
3285 2153 3503 2204 noctur-

1902 2232 1988 2288 nis
2015 2230 2227 2302 vigiliis
2256 2229 2558 2284 oﬂiciosius
2589 2230 2896 2286 insistebat.
2951 2232 3100 2287 Inter
3130 2232 3247 2289 haec
3281 2235 3500 2292 cuidam

1900 2323 2130 2379 fratrum
2165 2322 2222 2376 in
2260 2321 2508 2376 oratione
2540 2321 2803 2377 secretius
2833 2322 3238 2393 procumbenti,
3259 2332 3419 2397 atque
3440 2327 3499 2381 in

1898 2411 2103 2467 divinae
2133 2409 2618 2481 contemplationis
2649 2407 2928 2480 fastigium
2946 2409 3294 2481 aliquatenus
3311 2421 3492 2486 rapto,

1897 2517 1953 2556 se
2020 2499 2326 2555 videndum
2379 2497 2656 2564 exhibuit,
2688 2513 2749 2553 ea
2808 2498 2996 2554 formae
3031 2499 3378 2569 habitudine,
3433 2519 3496 2558 ea

1896 2589 2314 2663 pulchritudine
2339 2587 2605 2659 juventae,
2640 2605 2746 2661 qua
2773 2589 3083 2660 expressius
3113 2591 3492 2664 Lab.,expres-

1894 2679 2009 2753 sus]
2044 2681 2101 2734 in
2137 2695 2247 2735 suae
2273 2677 2550 2733 Passionis
2596 2685 2756 2733 textu
2811 2676 3164 2736 describitur.
3213 2680 3379 2737 Visus
3409 2691 3491 2739 est

1892 2777 2071 2824 autem
2101 2775 2227 2822 ante
2255 2767 2496 2823 loculum
2531 2767 2889 2838 reliquiarum
2913 2783 3157 2836 suarum,
3191 2768 3402 2826 libratis
3433 2771 3489 2827 in

1890 2872 2015 2912 aera
2061 2855 2354 2928 gressibus,
2389 2855 2666 2923 assistere,
2718 2862 2772 2909 et
2809 2857 3070 2928 expansis
3095 2856 3163 2911 ad
3195 2856 3488 2927 orientem,

1891 2947 2168 3014 manibus,
2205 2963 2436 3018 quarum
2467 2962 2576 3001 una
2613 2945 2825 3016 virgam
2867 2947 3077 3002 ferebat
3116 2963 3356 3016 auream,
3389 2967 3487 3022 pro

1892 3038 2062 3093 totius
2091 3038 2265 3094 salute
2297 3036 2488 3111 populi
2533 3036 2833 3092 instantius
2861 3037 3190 3108 supplicare.
3224 3039 3275 3093 Is
3318 3039 3480 3095 nobis

1887 3134 1989 3193 hoc
2045 3133 2397 3206 postmodum
2453 3148 2578 3187 cum
2636 3131 2894 3202 lacrymis
2924 3129 3210 3187 referebat.
3254 3131 3314 3186 Id
3349 3133 3486 3188 mire

160 3221 334 3277 clesia
365 3223 538 3278 sancti
571 3222 958 3296 Cliristophori
990 3233 1273 3282 nocturnm
1303 3228 1560 3282 stationis
1590 3243 1769 3282 excu—
1805 3247 1847 3306 ο
1883 3233 2096 3295 gratum
2129 3223 2410 3288 omnibus,
2444 3227 2496 3274 et
2527 3219 2781 3292 praesenti
2842 3226 2896 3274 et
2955 3218 3164 3275 futurae
3196 3218 3482 3275 devotioni

156 3309 284 3365 bias
315 3321 660 3384 peregerunt.
694 3315 834 3368 Puer
864 3314 1001 3370 bene
1032 3322 1212 3383 natus,
1248 3317 1628 3371 llerimbertus
1655 3332 1765 3370 no-

156 3400 336 3467 mine,
372 3400 597 3456 immani
628 3402 868 3459 febrium
882 3404 1238 3474 torquebatur
1258 3419 1515 3459 accessu:
1551 3403 1766 3460 delatus

153 3503 182 3541 a
204 3491 556 3560 parentibus,
581 3484 996 3546 incommodum
1019 3490 1173 3543 exuit
1195 3508 1208 3556 ;
1230 3490 1466 3546 robustae
1483 3492 1765 3564 sospitatis

151 3577 485 3648 optantibus
514 3576 774 3647 gaudium
804 3576 1132 3631 cumulavit.

229 3674 364 3728 115.
405 3673 538 3727 Inde
569 3671 825 3743 profectis
855 3673 1118 3728 solemnis
1142 3673 1514 3731 Antissiodori
1545 3677 1762 3748 paraba-

148 3769 249 3816 tur
269 3761 526 3832 exceptio
545 3779 558 3828 ;
579 3777 686 3834 quo
705 3763 923 3818 tandem
946 3763 1122 3834 pridie
1143 3763 1513 3821 Kalendarum
1529 3766 1762 3823 Novem-

145 3850 347 3905 brium
396 3857 782 3919 pervenerunt,
836 3852 1011 3906 multa
1040 3852 1251 3922 gloria,
1300 3853 1507 3924 ingenti
1541 3872 1758 3928 pompa,

144 3937 541 4010 inexplicabili
593 3956 774 4014 rer‘um
833 3941 1168 4010 praestantia.
1223 3939 1528 3996 Creverunt
1577 3960 1646 3998 ex
1697 3961 1761 4001 eo

143 4028 427 4084 miracula
448 4027 745 4083 visibiliter
764 4028 1092 4099 corporalia,
1120 4027 1484 4084 invisibiliter
1504 4031 1758 4101 spiritua-

143 4118 242 4186 lia,
271 4133 388 4189 quo
410 4116 585 4188 magis
604 4115 851 4183 subtilia,
883 4132 948 4170 eo
975 4115 1146 4186 magis
1167 4115 1352 4182 utilia,
1378 4116 1762 4174 indesinenter

143 4206 399 4274 assidua,
428 4204 806 4262 indubitanter
831 4205 1093 4277 proﬂcua,
1128 4214 1442 4278 quantoque
1465 4207 1761 4278 perennius

142 4298 440 4365 duratura,
476 4303 629 4352 tanto
659 4295 862 4352 certius
894 4295 1198 4367 profutura.

219 4392 524 4450 Folcoldus
547 4390 646 4465 [αἱ.
671 4391 966 4459 Fucaldus,
991 4393 1092 4459 al.,
1116 4390 1461 4466 Fulcoldus],
1489 4407 1556 4448 ex
1577 4408 1755 4449 coeno-

140 4485 238 4542 bio
288 4485 468 4541 sancti
499 4484 706 4541 Juliani
736 4490 756 4516 ε
800 4483 1055 4551 clericus,
1089 4491 1354 4556 quartano
1406 4483 1756 4539 incommodo

1875 3313 2162 3373 conduxit.

1951 3407 2212 3461 Praeterea
2233 3417 2378 3457 anno
2398 3397 2701 3456 Dominicze
2723 3397 3126 3455 Incarnationis
3154 3397 3258 3455 864
3280 3399 3476 3456 merito

1876 3513 1986 3551 suae
2015 3492 2299 3566 religionis
2325 3490 2662 3546 venerabilis
2700 3489 3102 3556 Herchenraus,
3135 3489 3477 3549 Catalauno-

1877 3603 1998 3640 rum
2040 3585 2345 3657 episcopus,
2408 3581 2475 3636 ad
2517 3579 2830 3636 ccenobium
2879 3579 3051 3636 sancti
3083 3580 3339 3636 Germani
3370 3598 3474 3637 ve-

1876 3676 2056 3743 niens,
2088 3673 2378 3745 largitione
2407 3671 2638 3727 fratrum
2667 3668 2927 3742 reliquias
2958 3669 3183 3740 pretiosi
3224 3686 3374 3744 papm
3413 3679 3467 3728 et

1875 3764 2136 3836 martyris
2165 3761 2372 3818 Urbani
2400 3760 2673 3826 obtinuit;
2706 3760 2892 3832 eisque
2908 3759 3468 3832 susceptis,monaste-

1875 3853 2019 3909 rium
2061 3854 2118 3909 in
2158 3867 2294 3926 pago
2320 3849 2564 3907 Pertensi
2595 3848 2712 3921 ejus
2753 3847 2963 3904 honore
2992 3849 3325 3906 construxit.
3348 3851 3467 3918 Quo

1875 3943 1994 3998 loco
2025 3951 2179 3999 tanta
2213 3953 2432 4015 tamque
2482 3940 2790 4013 frequentia
2839 3939 3187 4013 postmodum
3223 3939 3466 3996 claruere

1873 4031 2157 4098 miracula,
2192 4038 2272 4098 ut,
2306 4032 2351 4086 si
2384 4031 2584 4087 litteris
2615 4029 2874 4087 universa
2917 4028 3335 4099 mandarentur,
3367 4045 3462 4085 seu

1871 4136 1965 4192 per
1995 4137 2049 4174 se
2081 4127 2300 4190 possent
2331 4121 2677 4190 suppeditare
2705 4119 2982 4175 volumini
3015 4121 3050 4178 τ.

1941 4209 2265 4264 Sanctorum
2286 4209 2454 4263 Roma
2482 4207 2787 4262 delatorum
2813 4213 3465 4283 commemorationipau-

1870 4299 1970 4367 cis,
1992 4307 2053 4355 ut
2085 4305 2237 4370 puto,
2276 4312 2480 4352 mtrem
2514 4295 2815 4368 gessimus:
2861 4312 3010 4352 nunc
3041 4312 3127 4352 res
3159 4300 3352 4369 exigit,
3391 4301 3460 4355 iis

1869 4389 2057 4446 dilatis
2086 4389 2170 4444 vel
2199 4388 2437 4456 omissis,
2468 4388 2526 4442 in
2566 4387 2775 4459 reliqua
2800 4385 3095 4459 proficisci.

1942 4481 2362 4552 II7.Postquam
2381 4480 2540 4550 longe
2566 4477 2818 4550 superius
2837 4479 3298 4551 comprehensum
3323 4496 3460 4552 opus

140 4591 240 4648 per
269 4573 408 4630 anni
439 4575 550 4632 fere
582 4575 818 4647 spatium
854 4581 1104 4640 vexatus,
1148 4573 1216 4628 ad
1241 4580 1459 4629 sanctos
1489 4587 1545 4629 se
1568 4572 1750 4628 humi-
1780 4600 1836 4661 D
1867 4569 2048 4626 visum
2080 4577 2161 4624 est
2182 4576 2235 4623 et
2259 4567 2628 4625 ecclesiastico
2658 4566 2843 4624 decori
2893 4584 3201 4640 congruum
3233 4579 3288 4627 et
3322 4587 3458 4626 san-

137 4664 274 4720 liter
304 4663 566 4721 contulit.
615 4663 743 4719 Mox
771 4662 900 4720 fidei
935 4662 1171 4718 donatus
1214 4663 1460 4734 prtemio,
1494 4661 1752 4735 sospitate

136 4752 389 4820 reddita,
424 4753 743 4824 languorem
775 4752 1027 4808 excessit.

208 4843 340 4899 Non
377 4849 501 4914 post
548 4842 752 4898 multos
802 4840 940 4910 dies,
981 4841 1208 4897 colonus
1266 4840 1489 4913 quidam
1526 4841 1753 4898 familiae

135 4931 322 4987 sancti
360 4929 642 4998 Germani,
687 4947 756 4985 ex
788 4947 933 5000 rure,
977 4929 1068 4986 cui
1099 4930 1388 5002 Sorgiacus
1420 4930 1752 4987 vocabulum

207 5029 229 5054 ³
269 5019 430 5074 Arar
447 5035 543 5074 seu
571 5019 790 5086 Araris,
819 5019 985 5089 vulgo
1017 5019 1069 5073 ια
1095 5019 1282 5085 Satine,
1318 5019 1521 5075 ﬂuvius
1552 5020 1746 5077 Galliae

133 5090 473 5171 notissimus
497 5098 616 5171 est;
649 5091 715 5146 de
736 5102 1055 5171 quo_sqpra.

206 5169 231 5203 δ
275 5163 462 5231 Pagus
487 5159 790 5217 Oscarensis
817 5159 884 5216 ab
913 5159 1112 5215 Oscara
1128 5160 1297 5216 ﬂuvio
1324 5176 1525 5216 nomen
1549 5163 1738 5218 habet:

134 5236 350 5289 Oscara
385 5239 591 5304 autem,
622 5234 787 5303 vulgo
821 5232 1036 5304 Qusche,
1069 5231 1127 5286 in
1159 5233 1371 5304 Ducatu
1410 5233 1743 5304 Burgundiae

129 5305 188 5358 in
226 5303 455 5376 Ararim
489 5303 675 5360 inﬂuit
704 5302 850 5376 apud
890 5302 1205 5358 Laudonam
1242 5302 1314 5376 8.Δ
1339 5302 1583 5371 Joannis,
1617 5305 1750 5376 alias

131 5377 187 5432 S.
235 5375 380 5430 Jean
418 5375 480 5428 de
513 5376 690 5454 Latine
713 5374 880 5454 {inde
902 5390 1028 5454 ergo
1048 5389 1218 5454 usque
1251 5374 1544 5454 adpagum
1563 5375 1748 5454 Divio-

130 5461 372 5502 nensem
421 5445 648 5501 extendi
679 5445 920 5500 videtur.
971 5445 1224 5500 Valesius
1275 5445 1437 5501 illum
1466 5445 1750 5503 concludit

126 5516 321 5583 Arari,
359 5516 580 5584 Oscara,
613 5533 676 5573 ac
705 5517 844 5571 Tilla
875 5516 1219 5572 ﬂuminibus.

254 5587 444 5659 Divio,
469 5603 569 5659 seu
599 5588 906 5659 Divionum,
942 5587 1108 5659 vulgo
1143 5587 1324 5657 Dijon,
1357 5589 1488 5644 urbs
1516 5594 1596 5642 est
1617 5603 1750 5659 per-

125 5657 375 5714 celebris
425 5658 493 5714 ad
532 5660 789 5716 Oscaram
839 5657 1094 5723 ﬂuvium,
1135 5660 1376 5716 Ducatus
1415 5657 1748 5732 Burgundiae

136 5737 332 5802 caput.

1864 4668 2080 4717 ctorum
2110 4656 2506 4730 componendis
2534 4655 2853 4729 pignoribus
2874 4657 3233 4730 condignum,
3253 4658 3458 4715 exerci-

1859 4757 1972 4806 tata
1992 4747 2323 4822 sapientium
2348 4745 2622 4802 sententia
2653 4745 2926 4818 optimum
2963 4746 3110 4804 factu
3145 4747 3456 4819 judicatum

1860 4848 1962 4908 est,
1993 4846 2056 4894 ut
2084 4854 2247 4910 supra
2278 4844 2594 4893 memorata:
2616 4844 2920 4908 martyrum
2944 4837 3212 4911 reliquias,
3241 4855 3457 4896 necnon

1860 4937 1914 4985 et
1938 4943 2167 5000 corpora
2196 4925 2478 4983 beatorum
2513 4925 2835 4998 pontiﬁcum
2870 4925 3446 4997 Altissiodorensium,

1930 5018 1950 5045 ⁴
1979 5019 2057 5074 De
2078 5033 2215 5089 pago
2238 5016 2513 5089 Alisiensi,
2548 5032 2643 5072 seu
2673 5016 2958 5089 ,Alesiensi
2989 5017 3201 5089 dictum
3227 5025 3330 5089 _est
3361 5034 3449 5073 su-

1861 5105 1974 5161 pra.
2008 5087 2165 5161 Situs'
2185 5095 2265 5161 est
2321 5088 2615 5161 Divionem
2667 5088 2812 5143 inter
2860 5095 2913 5142 et
2961 5087 3446 5144 Antissiodorum:

1860 5158 1954 5215 sed
1976 5158 2202 5216 Divioni
2237 5159 2619 5230 propinquior.

1932 5243 1950 5266 °
1984 5233 2148 5287 Plura
2195 5228 2418 5286 fuerunt
2457 5228 2630 5297 hujus
2669 5231 2821 5287 tituli
2853 5228 3126 5297 ccenobia,
3175 5238 3228 5285 et
3274 5247 3448 5285 unum

1860 5303 2083 5374 quidem
2100 5301 2597 5374 Antissiodorinibi
2619 5303 2750 5358 olim
2777 5301 3073 5374 monachos
3088 5308 3140 5356 et
3163 5301 3450 5374 moniales,

1860 5372 2147 5444 separatim
2197 5380 2402 5440 tamen,
2436 5372 2711 5430 habitasse
2757 5373 2915 5430 docet
2943 5373 3016 5427 Le
3045 5372 3188 5444 Beuf
3232 5373 3290 5428 in
3320 5390 3452 5444 pra:-

1861 5443 2065 5524 fatio_ne
2087 5444 2167 5524 ad
2199 5444 2432 5524 captum
2463 5454 2520 5524 et
2549 5445 2842 5524 liberatum
2872 5443 3343 5524 Autissiodoruu};

1938 5516 1950 5542 ί
1977 5518 2055 5572 De
2086 5515 2174 5588 his
2201 5514 2291 5570 adi
2322 5519 2461 5572 Acta
2489 5516 2544 5572 S.
2575 5517 2782 5573 Urbani
2805 5532 2974 5588 papae,
3013 5523 3071 5588 et
3094 5515 3168 5588 M.
3199 5515 3447 5588 257Maii.

1859 5589 2071 5644 Perstat
2093 5587 2248 5642 etiam
2291 5604 2431 5642 nunc
2468 5589 2562 5644 hoc
2582 5586 2958 5644 monasterium
2989 5586 3083 5642 sub
3113 5587 3449 5643 Benedictina

1859 5659 2328 5733 congregatio-MAG.
2358 5659 2549 5728 Vitom',
2575 5659 2757 5733 inquit
2778 5658 3133 5718 Mabillonius
3146 5659 3448 5717 Annalium

1862 5738 1994 5787 tom.
2031 5729 2081 5798 3,
2115 5729 2208 5784 lib.
2243 5729 2333 5798 86,
2368 5746 2525 5788 num.
2569 5729 2657 5789 43.
