4074 6186
337 266 483 324 1265

1312 265 1408 324 DE
1446 265 1822 324 MIRACULIS
1861 266 1916 323 S.
1959 267 2299 327 GERMANI.
2341 300 2412 314 --
2453 273 2587 328 LIB.
2631 275 2698 330 II.

3516 277 3650 336 1266

333 420 497 477 licam
524 426 837 475 sanctorum
867 427 1173 492 martyrum
1206 420 1454 476 Gervasii
1485 429 1538 476 et
1567 423 1797 478 Protasii
1829 439 1923 495 per
1953 423 2002 480 A
2031 422 2368 494 solemniter,
2401 433 2463 482 ut
2483 428 2539 483 in
2570 429 2830 486 omnibus
2861 431 3294 503 Martyrologiis,
3313 439 3366 487 et
3400 431 3643 489 maxime

331 525 526 564 manus
559 508 756 564 Marini
791 508 1051 566 diaconi'
1083 509 1168 564 sui
1201 509 1447 565 construi
1479 508 1666 580 jussit,
1710 508 1930 581 suisque

328 596 548 653 dotavit
593 596 776 652 rebus.
819 596 967 652 Idem
998 597 1242 654 Marinus
1273 599 1330 654 in
1361 598 1548 654 eadem
1580 597 1806 654 ecclesia
1835 613 1930 653 re-

327 685 580 759 quiescit.
628 686 863 742 Suorum
915 686 1186 742 haeredem
1232 688 1506 744 bonorum
1552 687 1834 745 Christum
1877 695 1929 743 et

325 780 611 836 ecclesiam
657 781 897 852 qualiter
943 781 1310 847 substituerit,
1351 781 1723 852 antiquissimi
1765 789 1817 836 et
1843 779 1930 836 bis

325 870 575 942 superius
595 871 882 927 memorati
908 879 1041 927 testa
1053 872 1223 928 menti
1246 871 1364 942 ejus
1384 870 1579 942 pandit
1609 870 1926 938 auctoritas,

324 961 582 1034 quodque
631 960 691 1016 in
738 963 943 1018 nostris
993 961 1175 1020 adhuc
1221 971 1606 1019 conservatum
1659 961 1925 1030 archivis,

323 1049 555 1104 multam
585 1049 693 1105 viri
724 1050 1072 1121 dignitatem,
1107 1052 1414 1124 largitatem
1453 1052 1772 1124 plurimam,
1806 1049 1930 1106 dis-

323 1146 624 1218 positiones
670 1153 832 1202 cauta
883 1161 1097 1217 semper
1142 1147 1430 1220 diligentia
1479 1148 1925 1218 circumspectas,

320 1235 600 1308 copiosius
629 1241 984 1291 contestatur.
1023 1237 1103 1291 De
1142 1253 1270 1307 quo,
1311 1236 1438 1309 quia
1473 1237 1630 1306 plura
1660 1235 1928 1308 suppedi—

320 1329 460 1389 tant,
485 1338 650 1394 quam
673 1324 910 1394 suscepti
928 1325 1108 1396 operis
1123 1325 1364 1381 brevitas
1379 1323 1615 1379 suﬂiciat
1627 1322 1924 1394 explicare,

318 1409 406 1466 his
428 1411 669 1480 omissis,
698 1419 894 1468 caetera
923 1430 1334 1487 prosequamur.
1371 1414 1516 1470 Vitae
1544 1420 1763 1486 peracto
1791 1429 1928 1469 cur-

319 1517 404 1568 su,
437 1508 593 1556 sexto
624 1500 999 1556 Kalendarum
1031 1502 1427 1560 Novembrium
1457 1519 1768 1575 supremam
1799 1518 1927 1556 sor-

321 1588 456 1644 titus
481 1588 650 1656 diem,
685 1589 744 1644 in
773 1590 1061 1646 ecclesiam
1093 1590 1156 1646 Β.
1187 1592 1445 1647 Germani
1476 1590 1663 1646 debita
1689 1605 1927 1646 venera-

317 1679 468 1736 tione
493 1681 793 1736 translatus
821 1689 921 1737 est.

391 1769 509 1825 121.
545 1770 826 1825 Romanus
852 1769 1126 1826 cathedrae
1156 1770 1548 1838 substituitur;
1579 1770 1646 1826 de
1670 1785 1778 1842 quo
1807 1767 1926 1822 fer—
1957 1783 2000 1841 Β

321 1865 409 1913 tur
457 1858 622 1930 quod,
671 1874 798 1914 cum
854 1865 994 1914 esset
1049 1858 1136 1914 vir
1185 1858 1591 1925 sanctissimus,
1641 1856 1921 1911 (lecisione

317 1946 512 2019 capitis
559 1947 888 2020 martyrium
931 1949 1349 2018 consummarit,
1409 1948 1585 2020 pridie
1641 1946 1921 2002 Nonarum

313 2037 658 2106 Octobrium,
679 2041 897 2111 expleto
919 2039 1228 2096 {unctionis
1250 2056 1361 2096 suae
1383 2047 1627 2111 tempore
1647 2037 1806 2092 annis
1831 2051 1916 2103 ιιι,

541 2143 634 2180 XV.

541 2143 634 2180 xv.

313 2124 645 2268 dlﬁgbeato
669 2211 802 2266 Urso
823 2211 973 2267 fideli
997 2213 1263 2267 relatione
1285 2214 1560 2282 vulgatur,
1589 2209 1736 2281 quod
1760 2211 1922 2280 juxta

310 2302 487 2358 sancti
530 2301 806 2356 Amatoris
847 2301 1128 2358 basilicam
1166 2303 1432 2369 reclusus,
1473 2298 1916 2355 anachoreticam

310 2391 533 2446 duxerit
582 2391 795 2457 vitam;
846 2391 942 2446 ubi
991 2391 1295 2446 oratorium
1340 2391 1616 2463 hodieque
1658 2398 1760 2457 est,
1803 2386 1920 2458 ejus

311 2479 552 2537 nominis
583 2480 847 2534 memoria
877 2497 1113 2537 sacrum.
1144 2479 1388 2552 Contigit
1419 2496 1482 2534 eo
1512 2487 1779 2550 tempore,
1814 2494 1918 2532 ur—

310 2568 433 2622 bem
478 2568 766 2639 repentino
811 2569 1045 2624 afﬂatam
1096 2567 1358 2625 incendio
1406 2567 1787 2640 conﬂagrasse.
1832 2566 1917 2621 Ad

308 2656 491 2712 virum
538 2656 636 2713 Dei
685 2674 811 2713 cum
860 2659 1110 2715 sublatus
1161 2660 1220 2716 in
1269 2661 1439 2715 altum
1481 2660 1690 2715 clamor
1726 2655 1916 2730 populi

312 2745 671 2817 pervenisset,
705 2748 1134 2805 succurrendum
1168 2749 1414 2821 pericqu
1448 2756 1621 2816 ratus,
1663 2747 1914 2803 familia-

308 2853 420 2892 rem
445 2836 580 2894 illuc
599 2837 857 2893 baculum
883 2837 1213 2906 destinavit;
1246 2839 1358 2911 ipse
1388 2839 1642 2911 precibus
1663 2837 1909 2904 obnixis,

305 2943 470 2998 quam
498 2925 770 2982 instanter
796 2927 1070 2984 incubuit.
1102 2929 1184 2984 Eo
1211 2928 1356 2984 inter
1378 2929 1617 2985 minaces
1641 2929 1909 2993 ﬂammas,

305 3025 358 3072 et
401 3031 519 3088 quae
561 3015 739 3072 adhuc
780 3017 992 3089 integra
1027 3027 1368 3092 supererant,
1401 3019 1724 3086 constituto,
1758 3017 1908 3074 dicto

303 3104 470 3161 citius
517 3104 837 3162 incendium
884 3124 1048 3164 omne
1090 3108 1430 3180 deﬂagravit.
1478 3109 1587 3163 Hac
1619 3106 1908 3164 occasione
1937 3141 1979 3201 Ο

301 3194 475 3250 sancti
505 3193 613 3250 viri
648 3196 846 3252 merito
878 3196 1173 3266 declarato,
1211 3198 1364 3254 urbis
1391 3199 1687 3255 decedente
1718 3197 1902 3268 ponti-

298 3284 418 3353 ﬁce,
449 3286 500 3341 vi
523 3294 833 3344 extractum
862 3289 1179 3360 praesulatui
1204 3289 1487 3344 suffecere.
1521 3287 1672 3340 Cella
1701 3286 1820 3355 ejus
1845 3286 1902 3339 in

296 3371 581 3430 ecclesiam
605 3376 788 3432 cessit.
823 3377 1022 3447 Exegit
1047 3375 1416 3431 sacerdotium
1447 3373 1608 3425 annis
1639 3390 1715 3438 vr,
1754 3389 1904 3428 men-

295 3460 448 3516 sibus
502 3479 578 3528 1V,
632 3463 993 3530 moribusque
1038 3468 1093 3514 et
1135 3459 1351 3513 meritis
1399 3459 1691 3528 pretiosus,
1740 3459 1904 3513 tertio

296 3549 418 3604 Kal.
452 3549 686 3618 August.
721 3545 1035 3615 fragilitatis
1063 3545 1299 3602 excessit
1332 3547 1554 3601 molem.

365 3633 708 3689 Theodosius
755 3631 1063 3705 episcopus,
1120 3642 1244 3706 post
1302 3633 1659 3706 gubernatam
1717 3634 1900 3689 sedem

293 3723 460 3779 annis
481 3729 626 3789 octo,
650 3720 843 3776 diebus
860 3721 1058 3793 viginti
1082 3730 1337 3794 quatuor,
1361 3722 1576 3780 decimo
1599 3729 1756 3777 sexto
1775 3723 1900 3780 Kal.

292 3815 438 3885 Aug.
464 3813 608 3869 diem
641 3813 858 3886 excepit
884 3814 1167 3881 ultimum,
1198 3830 1405 3887 proque
1426 3831 1537 3871 suae
1561 3815 1757 3871 merito
1779 3832 1898 3872 san-

288 3899 501 3959 ctitatis
528 3901 772 3956 nobilem
804 3901 861 3957 in
893 3903 954 3957 Β.
985 3903 1242 3958 Germani
1285 3904 1516 3960 ecclesia
1556 3905 1785 3961 sortitus
1817 3912 1899 3960 est

288 3991 655 4062 sepulturam.

363 4080 484 4137 122.
519 4079 834 4152 Gregorius,
856 4087 908 4135 et
941 4080 1056 4152 ipse
1085 4088 1308 4138 sanctus
1338 4081 1644 4154 episcopus,
1676 4083 1896 4156 praefuit

287 4168 534 4226 ecclesiae
567 4169 727 4225 annis
757 4168 1070 4238 duodecim,
1105 4171 1388 4227 mensibus
1417 4188 1551 4240 sex;
1594 4180 1896 4246 exactoque

287 4274 398 4314 suae
430 4257 570 4313 vicis
599 4258 783 4314 oﬂicio
814 4275 911 4314 xxv
941 4260 1175 4316 Kalend.
1202 4261 1486 4316 Ianuarias
1517 4261 1760 4318 humana
1790 4263 1896 4318 de-

285 4362 515 4421 ponens,
563 4347 619 4402 in
659 4347 888 4403 ecclesia
927 4348 1073 4404 beati
1114 4350 1369 4405 Germani
1405 4367 1723 4422 supremum
1758 4368 1894 4424 pro-

289 4436 493 4491 meruit
528 4452 747 4491 munus.

357 4522 542 4594 Lupus
597 4523 902 4595 episcopus,
953 4534 1013 4580 ut
1066 4525 1122 4580 in
1169 4526 1558 4599 antiquissimo
1617 4544 1885 4584 marmore

284 4610 548 4683 epitaphii
591 4611 707 4682 ejus
753 4613 1198 4671 animadversum
1247 4625 1350 4684 est,
1391 4625 1560 4690 utque
1602 4620 1888 4692 superiore

285 4701 477 4758 libello
503 4702 878 4771 meminimus,
900 4720 1026 4759 cum
1051 4705 1423 4776 Crotechilde,
1450 4707 1638 4780 regina
1664 4725 1885 4764 venera-

281 4790 406 4858 bili,
439 4791 573 4846 illuc
594 4789 838 4859 devenit,
865 4808 973 4864 quo
994 4801 1240 4866 tempore
1261 4795 1323 4851 Β.
1348 4795 1606 4852 Germani
1638 4797 1885 4854 aedifica-

281 4874 374 4930 bat
397 4875 705 4943 basilicam;
730 4884 784 4930 et
804 4893 904 4932 suo
925 4887 1237 4949 praeventus
1259 4880 1389 4950 fine,
1411 4881 1622 4938 ibidem
1639 4883 1887 4955 sepultus

279 4971 381 5018 est.
429 4962 739 5034 Requiescit
781 4964 837 5019 in
886 4965 1096 5021 eadem
1122 4966 1350 5025 basilica
1388 4978 1613 5026 sanctus
1652 4971 1885 5043 Optatus

277 5051 565 5124 episcopus
595 5070 722 5108 cum
751 5052 966 5110 duobus
999 5055 1355 5128 presbyteris,
1391 5058 1652 5114 Sanctino
1681 5068 1734 5114 et
1760 5062 1883 5116 Me—

277 5141 494 5210 morio;
535 5159 660 5198 cum
699 5142 898 5215 quibus
935 5144 1118 5216 primo
1146 5147 1395 5219 sepultus
1425 5148 1530 5203 fuit
1561 5149 1620 5206 in
1650 5151 1877 5206 ecclesia

273 5233 446 5289 sancti
466 5232 855 5306 Christophori
879 5237 1161 5309 martyris,
1179 5252 1344 5309 quam
1366 5237 1478 5310 ipse
1501 5246 1875 5307 exstruxerat;

276 5323 650 5396 postmodum,
682 5325 843 5397 annis
874 5326 1202 5394 labentibus,
1232 5328 1498 5384 translata
1529 5337 1658 5385 sunt
1687 5345 1877 5385 eorum

273 5427 504 5482 corpora
532 5411 903 5470 in'ecclesiam
935 5415 988 5471 S.
1023 5415 1282 5471 Germani
1315 5421 1425 5470 tam
1464 5416 1728 5486 ofﬁciose,
1766 5426 1876 5474 tam

345 5546 368 5571 ⁸
397 5535 654 5616 έΠᾳνξηιιξ
688 5539 782 5616 ille
823 5545 1011 5610 postea
1048 5541 1662 5616 presbyterfuitgquo
1710 5544 1876 5600 titulo

270 5605 417 5677 apud
447 5605 956 5667 Antissiodorehses
986 5605 1189 5669 colitur
1210 5605 1304 5669 die
1335 5613 1402 5670 20
1433 5605 1587 5671 Julii‘.

1915 4497 1963 4554 D

2038 519 2290 587 vetustis,
2330 521 2446 577 dies
2470 525 2846 581 translationis
2873 542 3063 581 eorum
3095 526 3336 582 insertus
3373 527 3641 583 habeatur

2039 615 2194 664 sexto
2221 608 2402 664 Nonas
2426 612 2575 667 tertii
2608 615 2811 670 mensis
2843 615 2906 686 (ἰ.
2937 633 2980 670 e.
3014 616 3167 686 Maii)
3197 634 3207 670 :
3242 617 3502 672 transitus
3535 633 3645 672 au-

2042 706 2149 754 tem
2173 699 2258 754 vel
2298 699 2570 772 depositio
2601 703 2822 760 illorum
2863 707 3042 778 pridie
3082 707 3314 764 Kalend.
3357 707 3637 778 Septemb.

2039 787 2347 844 adnotatur.
2400 791 2607 846 Eodem
2650 809 2779 847 sane
2821 797 3155 870 sarcophago
3201 814 3390 853 omnes
3440 798 3644 871 pariter

2040 879 2408 950 requiescunt.

2109 968 2188 1024 De
2218 985 2384 1040 puero
2425 969 2704 1026 Moderato
2733 970 2839 1027 hoc
2868 972 3255 1027 tantummodo
3299 983 3639 1044 compertum

2039 1064 2121 1112 est
2148 1057 2293 1128 quod
2324 1074 2478 1129 puer,
2510 1059 2780 1131 martyrio
2809 1068 3122 1128 coronatus,
3157 1060 3212 1115 in
3255 1061 3472 1132 prepria
3500 1062 3638 1117 basi-

2041 1143 2147 1200 lica
2174 1144 2268 1200 diu
2296 1147 2648 1218 requieverit.
2679 1148 2806 1204 Post
2839 1148 3264 1204 clarescentibus
3287 1149 3432 1204 circa
3463 1150 3637 1220 sepul-

2037 1250 2191 1289 crum
2241 1231 2359 1304 ejus
2411 1235 2711 1303 miraculis,
2757 1236 2812 1291 in
2859 1237 3144 1292 ecclesiam
3190 1236 3332 1292 beati
3381 1237 3638 1293 Germani

2038 1322 2402 1393 transpositus
2422 1330 2522 1390 est,
2547 1324 2702 1379 cultu
2737 1323 3055 1380 Oﬂiciorum
3075 1332 3128 1380 et
3159 1324 3454 1395 impendiis
3479 1325 3638 1381 lumi-

2039 1427 2169 1466 num
2209 1412 2485 1484 copiosius
2521 1414 2888 1470 venerandus.

2647 1559 2873 1617 CAPUT
2924 1561 3022 1617 IV.

2035 1658 2283 1728 Etagium
2315 1659 2540 1714 ecclesia:
2570 1660 2623 1716 S.
2653 1659 2905 1716 Germani
2926 1658 3426 1726 Antissiodorensis,
3462 1665 3508 1714 et
3544 1659 3633 1730 pia

2356 1732 2412 1786 S.
2445 1731 2623 1786 Herici
2661 1732 2731 1786 ad
2768 1732 2966 1802 fratres
2996 1731 3308 1787 exhortatio.

2104 1845 2226 1901 123.
2268 1845 2491 1902 Talibus
2522 1855 2741 1920 tamque
2774 1847 3082 1918 magniﬁcis
3113 1846 3264 1902 locus
3294 1835 3508 1902 illuster
3538 1843 3630 1899 ho-

2031 1933 2279 2002 noribus,
2312 1943 2524 1992 mactus
2542 1937 2723 1991 titulis
2742 1936 3049 2009 privilegiis
3071 1935 3360 2008 gloriosus,
3392 1933 3480 1989 cui
3514 1948 3626 1987 non

2031 2022 2284 2079 videatur
2313 2023 2616 2094 majestatis
2645 2043 2755 2080 suas
2791 2027 2989 2082 merito
3019 2025 3362 2081 venerandus
3382 2024 3410 2078 '7
3436 2024 3632 2078 Sancta

2028 2111 2304 2182 quondam
2353 2120 2669 2169 sanctorum
2714 2114 3046 2170 verebantur
3086 2113 3320 2179 Hebraei,
3361 2109 3509 2182 quod
3553 2109 3630 2163 ibi

2028 2214 2153 2254 arca
2182 2200 2538 2267 Testamenti,
2567 2202 2818 2272 intraque
2848 2218 2966 2257 eam
3007 2201 3160 2272 virga
3191 2201 3392 2266 Aaron,
3429 2205 3482 2254 et
3511 2214 3632 2253 caa-

2030 2285 2162 2342 leste
2178 2303 2398 2354 manna,
2421 2288 2499 2342 ibi
2518 2289 2706 2356 altare,
2723 2289 2870 2359 quod
2891 2288 3176 2342 dicebatur
3205 2286 3625 2358 Thymiamatis,

2026 2373 2105 2430 ibi
2159 2375 2432 2431 cherubin
2480 2392 2644 2432 aurea
2691 2393 2816 2434 cum
2868 2375 3279 2446 Propitiatorio,
3329 2384 3628 2445 caeteraque

2025 2463 2278 2535 symbola
2310 2465 2762 2520 intellectualiter
2791 2465 2978 2538 typica
3000 2472 3052 2520 et
3081 2465 3264 2536 typice
3289 2464 3627 2518 intellectua-

2028 2553 2122 2620 lia,
2170 2569 2232 2610 ac
2262 2570 2357 2626 per
2405 2553 2509 2613 hoc
2543 2555 2744 2611 futura;
2795 2555 2928 2611 olim
2968 2554 3218 2610 veritatis
3257 2553 3624 2625 conjecturam

2025 2643 2391 2714 praeferentia,
2433 2645 2773 2716 tegebantur.
2803 2644 2997 2700 Nonne
3035 2644 3137 2700 tibi
3189 2645 3365 2700 multo
3404 2643 3626 2700 videtur

2023 2734 2326 2808 impensius
2356 2736 2729 2792 venerandum
2752 2752 2982 2792 summae
3003 2735 3312 2791 sanctitatis
3341 2733 3623 2790 habitacu-

2023 2824 2159 2893 lum,
2193 2832 2274 2881 tot
2312 2833 2630 2883 sanctorum
2659 2824 3010 2898 splendidum
3050 2823 3351 2891 memoriis,
3383 2822 3622 2878 sublime

2019 2913 2239 2988 tropaeis
2257 2915 2284 2971 ?
2307 2915 2386 2970 Ea
2415 2917 2583 2972 semel
2610 2932 2707 2986 per
2733 2930 2939 2970 annum
2962 2922 3014 2968 et
3041 2913 3135 2967 uni
3163 2921 3216 2967 et
3245 2912 3345 2968 soli
3369 2910 3621 2984 pontifici

2018 3004 2396 3076 pandebantur
2433 3021 2531 3076 pro
2586 3005 2701 3060 suis
2753 3003 3030 3076 totiusque
3072 3003 3259 3075 populi
3306 3003 3622 3059 excessibus

2016 3102 2270 3166 rogaturo
2295 3112 2308 3160 ;
2335 3093 2452 3150 haec
2480 3103 2688 3159 nostra,
2715 3103 2770 3148 et
2792 3109 2849 3147 re
2871 3101 2925 3148 et
2955 3093 3180 3147 nomine
3201 3099 3408 3157 sancta,
3436 3100 3621 3164 patent

2013 3187 2265 3258 singulis,
2286 3192 2472 3256 patent
2493 3184 2771 3251 omnibus,
2803 3183 3053 3256 quotidie
3082 3183 3287 3250 facilia,
3311 3183 3471 3238 facile
3488 3200 3617 3255 quo.

2012 3275 2253 3341 tidiana;
2313 3283 2628 3347 quantoque
2675 3290 2733 3329 se
2780 3283 3030 3345 peccator
3089 3273 3414 3344 ingesserit,
3465 3280 3616 3328 tanto

2014 3364 2279 3435 religiosae
2311 3364 2750 3436 importunitatis
2778 3363 3013 3436 pretium
3038 3363 3260 3418 uberius
3293 3363 3612 3434 reportabit.

2015 3453 2098 3507 Ad
2128 3469 2191 3508 ea
2235 3454 2279 3507 si
2329 3454 2453 3525 quis
2491 3461 2847 3509 externorum
2897 3453 3200 3521 accederet,
3247 3453 3612 3509 temeritatem

2016 3548 2188 3594 morte
2217 3540 2426 3597 luebat:
2471 3542 2539 3598 ad
2571 3542 2690 3601 haec
2728 3541 2943 3598 externi
2975 3541 3140 3597 etiam
3173 3557 3362 3596 omnes
3391 3539 3614 3596 accedi—

2013 3645 2154 3698 mus,
2199 3639 2261 3686 ut
2305 3632 2500 3688 mortis
2540 3632 2802 3688 meritum
2851 3631 3290 3688 immortalitatis
3337 3631 3612 3703 stipendio

2008 3734 2440 3792 compensemus.
2474 3721 2555 3777 lbi
2586 3721 2877 3778 brutorum
2907 3738 3072 3778 cruor
3103 3721 3427 3776 animalium
3457 3721 3612 3777 infe-

2009 3809 2230 3865 rebatur
2277 3812 2335 3866 in
2356 3821 2544 3868 sancta
2589 3829 2684 3884 per
2713 3812 3034 3886 pontificem
3063 3830 3074 3866 :
3113 3811 3204 3868 hic
3232 3827 3443 3867 summe
3476 3811 3611 3867 boni

2010 3899 2286 3970 pontificis
2332 3900 2504 3956 vitale
2553 3919 2772 3974 corpus,
2817 3902 3147 3974 sanguisque
3199 3901 3606 3969 sanctissimus,

2007 3989 2242 4044 cmlestis
2261 4006 2363 4046 usu
2384 3991 2656 4062 mysterii,
2683 3990 3020 4047 Christianis
3043 3990 3301 4046 omnibus
3317 3989 3611 4046 conficitur

2009 4077 2066 4130 in
2094 4078 2345 4133 salutem.
2377 4079 2550 4134 Tanta
2593 4080 2736 4135 inest
2767 4081 2888 4136 loco
2918 4079 3177 4152 dignitas,
3209 4087 3362 4135 tanta
3392 4079 3607 4152 princi—

2007 4167 2145 4239 palis
2191 4169 2512 4223 revereutiae
2565 4168 2898 4224 sanctitudo.
2951 4169 3126 4234 Quem
3172 4170 3608 4242 quotiescunque

2005 4257 2236 4312 devotus
2279 4255 2594 4324 intraveris,
2648 4272 2869 4312 cernere
2917 4265 2998 4310 est
3029 4256 3310 4312 Christum
3341 4259 3605 4328 apostolis

2004 4354 2448 4420 consequentem,
2485 4345 2820 4419 martyribus
2861 4353 3343 4416 compugnantem,
3376 4348 3606 4402 confes-

2003 4439 2219 4495 soribus
2245 4439 2672 4510 colloquentem,
2712 4435 3022 4507 virginibus
3046 4437 3434 4506 collaetantem,
3467 4453 3606 4492 san-

1999 4530 2102 4586 ctis
2142 4536 2415 4601 postremo
2455 4525 2714 4582 omnibus
2760 4533 3204 4596 conregnantem.
3256 4526 3428 4581 Tanta
3455 4542 3604 4598 prae—

2001 4628 2146 4675 terea
2167 4619 2245 4674 ibi
2275 4627 2402 4674 sunt
2427 4617 2742 4673 orationum
2776 4617 2914 4683 loca,
2939 4623 3048 4670 tam
3071 4615 3260 4670 crebra
3285 4625 3600 4672 sanctorum

1997 4708 2215 4775 altaria,
2245 4717 2304 4762 ut
2324 4723 2448 4764 cum
2481 4706 2669 4761 omnia
2699 4703 3093 4778 peragraveris,
3127 4703 3360 4776 singulis
3382 4705 3600 4778 illacry-

2000 4799 2252 4865 maveris,
2289 4784 2574 4854 meliorem
2603 4796 2714 4852 diei
2747 4803 2956 4869 partem
2987 4795 3040 4849 in
3074 4796 3289 4851 lucrum
3335 4795 3435 4850 tibi
3470 4812 3598 4852 ces—

1995 4887 2126 4951 sisse
2158 4887 2378 4944 laeteris.

2067 4976 2186 5032 124.
2228 4977 2338 5032 Nec
2378 4992 2469 5032 eos
2517 4975 2786 5047 patienter
2831 4972 3180 5046 accipiendos
3222 4971 3456 5040 aestimo,
3500 4973 3594 5044 qui

1992 5072 2303 5122 sanctorum
2336 5065 2546 5121 animas
2584 5064 2671 5120 vel
2703 5064 2760 5118 in
2793 5064 2915 5117 sinu
2958 5061 3212 5126 Abrahae,
3248 5061 3335 5114 vel
3369 5061 3424 5114 in
3478 5061 3596 5116 loco

1992 5153 2285 5225 refrigerii,
2317 5155 2405 5208 vel
2454 5169 2620 5225 super
2657 5168 2806 5207 aram
2845 5150 2943 5206 Dei
2978 5149 3289 5205 consedisse
3319 5149 3590 5218 delirant;

1990 5257 2090 5298 nec
2118 5258 2272 5314 posse
2301 5241 2415 5298 suis
2434 5241 2756 5308 tumulis,et
2777 5239 2873 5293 ubi
2891 5237 3193 5305 voluerint,
3229 5237 3417 5293 adesse
3448 5256 3594 5310 prae-

1989 5337 2188 5386 sentes.
2218 5330 2534 5387 Absurdum
2566 5328 2792 5385 omnino
2821 5334 2922 5394 est,
2953 5333 3014 5381 ut
3052 5340 3217 5380 sacrae
3250 5332 3482 5380 testatur
3511 5328 3590 5382 in-

1991 5427 2195 5493 terpres
2226 5418 2470 5475 historiae
2494 5418 2535 5485 δ,
2569 5417 2772 5472 sanctis
2802 5414 3027 5486 injicere
3055 5413 3302 5481 vincula,
3340 5421 3399 5468 ut
3421 5431 3588 5488 usque

2053 5542 2074 5570 ¹⁹
2112 5543 2166 5600 S.
2212 5541 2629 5614 Hieronymum
2654 5539 2916 5614 intelligit
2959 5538 3018 5594 in
3051 5545 3288 5614 tractatu
3321 5537 3588 5614 adversus

1987 5615 2372 5686 Vigilantium,
2422 5610 2568 5668 unde
2617 5611 2709 5668 hic
2754 5611 2980 5669 Hericus
3008 5611 3276 5667 nonnulla
3319 5610 3587 5680 exscribit
