4074 6186
474 308 611 370 1267

1472 307 1712 367 HERICI
1748 305 2068 365 MONACHI
2107 302 2769 362 ANTISSIODORENSIS

3631 304 3661 361 1
3672 304 3799 364 268

471 463 542 521 ad
570 462 716 519 diem
737 460 937 534 judicii
970 462 1171 535 poenali
1200 459 1451 519 custodia
1482 470 1793 532 teneantur,
1826 477 1929 519 nec
1956 460 2068 517 sint
2100 462 2152 521 A
2174 459 2495 516 excellentis
2532 457 2800 532 propositi
2841 455 3162 530 complices,
3200 471 3432 514 summa
3462 457 3815 533 philosophi

471 569 601 610 cum
637 552 875 609 Domino
903 568 1020 621 suo,
1053 552 1120 608 de
1149 551 1350 625 quibus
1381 551 1648 625 scriptum
1674 561 1755 609 est
1780 571 1794 610 :
1823 552 2073 622 Sequun-

474 649 565 699 tur
591 643 801 714 Agnum
831 658 1136 714 quocunque
1179 642 1320 698 ierit.
1361 642 1419 698 Si
1450 646 1639 715 Agnus
1667 642 1893 715 ubique,
1944 657 2072 714 ergo

471 741 526 790 et
574 733 654 803 hi,
708 734 806 806 qui
848 750 973 790 cum
1020 748 1161 805 agno
1198 742 1347 801 sunt,
1403 732 1607 806 ubique
1656 750 1773 790 esse
1814 731 2073 790 credendi

473 832 602 881 sunt
630 830 681 881 ἐ
742 824 947 896 quique
996 824 1110 879 Deo
1157 830 1416 879 cernente
1473 823 1659 878 omnia
1690 866 1707 891 ,
1756 830 2075 895 penetrante

472 912 692 979 omnia,
749 919 1113 984 cognoscente
1155 913 1343 969 omnia
1390 911 1772 983 perfruuntur,
1821 911 1966 967 nihil
2015 911 2075 967 in

472 1008 681 1059 naturae
710 1000 1037 1072 multiplicis
1066 1000 1331 1058 varietate
1367 1008 1603 1071 constat,
1642 1001 1787 1075 quod
1817 1018 1929 1058 non
1969 1001 2075 1073 ipsi

471 1105 689 1164 quoque
716 1097 965 1158 cernant,
995 1098 1304 1161 penetrent,
1336 1098 1391 1146 et
1418 1089 1621 1163 absque
1660 1106 1887 1146 morosae
1918 1090 2075 1147 difﬁ—

470 1181 695 1239 cultatis
722 1179 1070 1252 oppositione
1109 1187 1444 1252 cognoscant
1473 1180 1513 1238 δ.
1564 1182 1772 1254 Itaque,
1819 1181 2074 1255 quamvis

470 1277 789 1329 sanctorum
839 1270 1054 1326 animas
1107 1286 1376 1344 nusquam
1429 1279 1493 1341 et,
1531 1287 1814 1344 nunquam
1860 1287 1892 1327 a
1960 1273 2073 1329 Deo

470 1360 679 1430 abesse,
712 1376 775 1417 ac
803 1376 898 1433 per
928 1360 1052 1430 hoc,
1085 1369 1139 1417 et
1168 1378 1383 1434 semper
1411 1369 1466 1418 et
1506 1361 1711 1435 ubique
1734 1361 1859 1434 jure
1889 1380 1945 1419 se
1975 1363 2075 1419 in-

471 1451 801 1509 vocantibus
847 1451 1032 1509 adesse
1066 1452 1418 1521 crediderim,
1450 1468 1553 1509 nec
1600 1452 1760 1509 facile
1792 1452 1957 1524 dejici
2006 1452 2074 1509 de

470 1543 743 1601 sententia
791 1544 968 1616 patiar
998 1554 1063 1600 °:
1116 1543 1327 1601 cineres
1370 1551 1557 1601 tamen
1604 1560 1730 1601 suos
1788 1560 1968 1601 amare
2020 1554 2074 1602 et

468 1632 940 1702 circumvolitare,
985 1634 1170 1708 eisque
1207 1644 1499 1707 praesentes
1540 1650 1755 1707 semper
1800 1634 2070 1705 assistere,

468 1742 597 1782 cum
628 1724 1015 1783 incunctanter
1035 1726 1224 1783 animo
1252 1727 1443 1796 feram,
1464 1734 1581 1782 tum
1602 1733 1916 1784 constanter
1939 1741 2073 1783 voce

2183 549 2514 617 sanctitatis,
2546 564 2683 621 quos
2710 563 2864 605 sacro
2904 546 3089 603 ordini
3129 563 3507 617 consuescere,
3550 550 3613 607 in
3654 550 3818 608 reli-

2185 641 2344 711 gione
2375 653 2781 707 consenescere,
2814 637 3116 694 virtutibus
3145 636 3391 707 immori,
3422 655 3677 714 praesaga
3708 657 3817 698 re-

2183 743 2307 782 rum
2338 726 2513 798 gratia
2539 726 2838 799 praeelegit,
2871 726 3128 783 voluntas
3155 727 3428 797 exercuit,
3469 729 3683 802 pudica
3717 748 3815 804 pa-

2183 825 2403 873 rentum
2435 814 2656 872 devotio
2684 816 3058 888 mancipavit:
3091 816 3217 873 date
3246 833 3490 890 operam,
3535 829 3813 892 praestate

2183 912 2552 984 diligentiam,
2579 911 2773 967 librate
2800 911 3093 979 cautelam,
3118 925 3188 965 ne
3213 909 3451 982 pectoris
3476 911 3649 967 vestri
3692 912 3812 969 do-

2184 1001 2455 1058 micilium
2484 1001 2713 1074 spiritus
2742 1001 3016 1073 malignus
3044 999 3279 1070 inﬁciat,
3302 1017 3371 1057 ne
3401 1000 3660 1060 sensibus
3693 1002 3811 1061 ad-

2185 1091 2395 1148 mixtus
2425 1090 2642 1147 intimis
2669 1090 2899 1147 incestat
2919 1089 3119 1146 animae
3140 1089 3509 1161 sanctitatem,
3535 1092 3810 1166 splendi-

2185 1181 2586 1257 dissimnmque
2614 1183 2775 1240 illum
2799 1180 2981 1238 divini
3010 1180 3371 1238 theorematis
3399 1183 3627 1240 oculum
3657 1182 3807 1241 ille-

2183 1271 2345 1328 cebra
2390 1272 2702 1329 subornatae
2738 1269 3109 1344 persuasionis
3148 1269 3459 1327 obnubilet.
3502 1272 3696 1329 Liceat
3737 1273 3801 1329 in

2185 1377 2283 1417 vos
2313 1363 2480 1418 semel
2512 1368 2832 1435 conceptam
2865 1361 3150 1416 materiem
3181 1376 3295 1416 non
3324 1376 3420 1433 per
3438 1360 3628 1418 omnia
3646 1377 3803 1418 con-

2184 1442 2468 1510 temnendi
2494 1453 2737 1510 auctoris
2754 1453 2780 1488 τι
2809 1460 2863 1508 et
2891 1449 3162 1508 sententia
3193 1459 3248 1507 et
3288 1450 3453 1508 lineis
3488 1454 3798 1526 explicare.

2183 1547 2364 1620 Serpit
2392 1545 2607 1619 antiqui
2636 1546 2845 1601 malum
2872 1543 3046 1600 hostis
3081 1559 3178 1616 per
3212 1559 3405 1600 omnes
3432 1544 3619 1601 aditus
3655 1561 3802 1603 sen-

2184 1638 2407 1703 suales;
2466 1637 2560 1692 dat
2616 1650 2673 1690 se
2729 1633 2967 1706 ﬁguris;
3024 1632 3404 1689 accommodat
3457 1634 3794 1702 coloribus;

2182 1726 2425 1783 adhaeret
2453 1723 2633 1791 sonis;
2669 1722 2935 1780 odoribus
2966 1737 3022 1778 se
3047 1720 3273 1794 subjicit
3297 1741 3310 1790 ;
3341 1723 3593 1780 infundit
3622 1738 3799 1798 sapo—

467 1815 710 1885 ell‘eram,
747 1833 841 1873 ore
869 1819 1185 1891 proloquar,
1216 1817 1587 1891 privatimque
1612 1825 1665 1874 et
1703 1817 1941 1889 publice,
1970 1834 2066 1874 se-
2093 1829 2139 1888 Β
2172 1815 2372 1884 ribus;
2402 1831 2465 1871 ac
2495 1813 2799 1870 tenebrosis
2827 1811 3235 1882 affectionibus,
3257 1821 3522 1887 tanquam
3550 1815 3797 1887 quibus-

466 1922 633 1963 curus
661 1907 992 1978 praajudicii,
1026 1908 1344 1981 proﬁtebor.

542 1994 665 2050 125.
710 1994 958 2067 Cumque
986 1996 1054 2051 ad
1081 1997 1339 2052 Germani
1362 1998 1683 2053 memoriam
1704 1997 1967 2067 indignus
1985 2012 2070 2054 ac-

465 2101 697 2155 cessero,
742 2087 894 2145 hunc
922 2088 1050 2143 ﬁdei
1079 2088 1256 2143 oculis
1282 2090 1607 2160 suspiciam;
1644 2089 1811 2160 hujus
1853 2091 2071 2161 angeli-

465 2190 584 2231 cam
616 2173 833 2244 faciem,
879 2192 947 2232 ex
972 2176 1253 2233 consortio
1283 2178 1554 2234 sermonis
1583 2178 1685 2235 Dei
1725 2178 2071 2251 frequentius

465 2258 816 2332 illustratam,
854 2263 1094 2337 ipsisque
1123 2264 1343 2337 regibus
1379 2266 1743 2336 tremendam,
1776 2267 2070 2340 aliquoties

463 2351 906 2425 contemplabor;
934 2352 1051 2426 ejus
1079 2353 1251 2408 animi
1283 2355 1605 2427 gravitatem
1638 2356 1898 2413 comitate
1926 2373 2067 2413 con-

463 2440 657 2512 ditam,
681 2444 947 2517 propositi
968 2443 1332 2500 constantiam
1346 2488 1359 2511 ,
1376 2445 1675 2502 senectutis
1702 2447 2068 2502 reverentiam

462 2531 780 2588 admirabor
827 2534 1302 2606 procumbensque
1348 2536 1600 2607 sepulcro
1633 2578 1649 2603 ,
1704 2550 1767 2592 ac
1814 2543 2067 2592 sanctum

461 2621 787 2680 deosculans
844 2622 1081 2696 lapidem
1116 2668 1130 2692 ,
1182 2631 1443 2696 tanquam
1503 2640 1626 2681 meo
1681 2625 2067 2682 imminentem

462 2714 657 2771 vertici
704 2714 1009 2770 venerabor
1066 2715 1412 2773 submissius.
1457 2717 1740 2774 Interdum
1792 2734 1959 2788 vero,
2020 2720 2065 2775 si

460 2804 619 2872 copia
647 2803 981 2869 conferatur,
1015 2805 1182 2858 etiam
1213 2806 1444 2877 vestigia
1482 2807 1787 2879 stringere;
1829 2816 1902 2878 at,
1934 2810 1980 2865 si
2010 2808 2068 2865 id

461 2907 573 2946 non
610 2891 889 2960 dignetur,
922 2892 1104 2946 locum
1136 2903 1302 2961 certe,
1322 2896 1416 2949 ubi
1436 2904 1705 2953 steterunt
1734 2899 1896 2970 pedes
1925 2900 2064 2972 ejus,

458 2996 571 3036 non
595 2980 819 3037 cessabo
838 2979 1079 3037 ﬁdeliter
1094 2981 1340 3038 adorare.
1364 2981 1646 3057 Quemque
1659 2987 1869 3043 absenti
1899 2990 2064 3046 etiam

458 3071 637 3128 multa
664 3071 981 3145 praestitisse
1002 3088 1113 3129 non
1142 3072 1390 3144 ingratus
1409 3075 1660 3144 memini,
1691 3093 1973 3150 nunquam
1999 3097 2063 3136 eo

2180 1904 2303 1961 dam
2335 1903 2574 1972 nebulis,
2603 1902 2799 1974 implet
2818 1917 3009 1957 omnes
3030 1909 3243 1967 meatus
3262 1900 3672 1975 intelligentiae,
3694 1921 3792 1978 per

2181 2008 2319 2064 quos
2348 1992 2585 2064 pandere
2615 1992 2804 2047 lumen
2840 1991 3070 2047 rationis
3094 1992 3295 2048 mentis
3322 1992 3510 2050 radius
3536 1995 3694 2051 solet.
3719 1996 3787 2051 In

2180 2079 2285 2137 hoc
2320 2082 2486 2149 Deus,
2534 2081 2593 2136 in
2640 2079 2747 2137 hoc
2788 2080 3046 2136 voluntas
3092 2079 3345 2150 innoxia,
3392 2081 3450 2137 in
3494 2082 3595 2139 hoc
3637 2092 3788 2140 recte

2179 2171 2311 2230 facti
2355 2172 2614 2228 meritum
2663 2173 2889 2229 relucet.
2939 2173 3084 2228 Deus
3132 2172 3338 2246 ubique
3382 2191 3623 2247 praesens
3667 2185 3785 2245 est;

2180 2273 2313 2321 tunc
2332 2271 2514 2319 autem
2530 2263 2828 2336 unicuique
2848 2270 3100 2319 nostrum
3118 2263 3287 2320 simul
3311 2272 3412 2334 est,
3432 2282 3562 2323 cum
3587 2270 3789 2326 mentis

2180 2360 2378 2409 nostra:
2409 2351 2625 2408 illibata
2650 2350 2859 2424 puritas
2885 2351 2943 2407 in
2973 2351 3091 2424 ejus
3112 2352 3402 2423 praesentia
3428 2356 3698 2427 patuerit.
3721 2358 3787 2415 Ut

2178 2443 2327 2498 enim
2375 2441 2528 2497 visus
2577 2440 2863 2498 oculorum
2909 2441 2956 2497 si
3001 2441 3170 2496 fuerit
3214 2440 3462 2512 vitiatus,
3511 2444 3788 2518 quidquid

2178 2532 2366 2589 videre
2395 2548 2505 2587 non
2539 2532 2799 2604 potuerit,
2833 2530 3019 2588 adesse
3049 2547 3162 2587 non
3190 2539 3347 2605 putat
3377 2535 3612 2606 (frustra
3637 2538 3783 2594 enim

2176 2624 2496 2682 circumstat
2525 2623 2715 2679 oculos
2752 2638 2990 2695 praesens
3027 2622 3209 2695 imago
3258 2639 3463 2694 rerum,
3509 2626 3557 2682 si
3606 2630 3784 2685 oculis

2175 2713 2317 2771 desit
2345 2713 2689 2784 integritas):
2713 2712 2789 2768 ita
2813 2713 2980 2768 etiam
3002 2714 3170 2783 Deus,
3192 2714 3288 2787 qui
3309 2732 3581 2789 nusquam
3604 2720 3781 2791 deest,

2176 2803 2381 2859 frustra
2427 2802 2655 2876 pollutis
2700 2802 2904 2858 animis
2948 2819 3186 2876 praesens
3229 2812 3329 2873 est,
3378 2823 3545 2878 quem
3591 2811 3781 2868 videre

2177 2892 2377 2948 mentis
2415 2892 2632 2951 caecitas
2677 2908 2789 2949 non
2830 2900 3030 2966 potest.
3076 2893 3199 2949 Non
3246 2911 3430 2951 meum
3472 2906 3578 2966 est,
3630 2901 3778 2972 quod

2174 2980 2317 3049 dixi,
2346 2998 2459 3038 non
2480 2982 2621 3038 mihi
2647 2997 2850 3050 assero,
2882 2998 2996 3038 non
3022 2981 3239 3039 ascribo
3261 2984 3387 3056 (nec
3408 2985 3557 3042 enim
3577 2987 3780 3046 fortis-

2172 3074 2314 3129 simo
2338 3073 2538 3146 cuique
2557 3074 2770 3129 clavam
2792 3073 2859 3130 de
2879 3089 3048 3130 manu
3078 3073 3242 3131 facile
3269 3078 3592 3149 extorqueri
3623 3096 3778 3151 posse

455 3164 703 3221 animum
736 3165 1074 3238 impulerim,
1108 3174 1171 3222 ut
1198 3166 1467 3237 diiﬁdam,
1518 3168 1668 3226 hunc
1711 3187 1927 3246 quoque
1960 3173 2063 3230 rite
2095 3187 2138 3246 (ζ
2174 3162 2468 3231 Praesumo)
2496 3159 2644 3233 (111οά
2673 3161 2896 3233 quidem
2924 3161 2992 3218 de
3022 3171 3204 3219 mente
3235 3165 3555 3223 mandanda
3583 3168 3656 3225 ad
3684 3169 3777 3225 Vi-

454 3257 1061 3330 veneratum,praasenti
1077 3265 1129 3313 et
1142 3256 1333 3313 sedulo
1360 3258 1536 3315 multo
1549 3260 1719 3332 magis
1734 3260 2054 3323 affuturum.

525 3347 613 3403 Ex
631 3348 899 3421 propositi
921 3348 1207 3406 occasione
1229 3350 1432 3422 negotii
1459 3352 1770 3409 confectum
1794 3354 2055 3426 quiddam

449 3446 552 3508 est,
587 3455 697 3512 quo
727 3447 781 3496 et
811 3441 1117 3498 temerariis
1155 3444 1475 3516 scrupulum
1507 3446 1792 3519 injectum,
1829 3457 1883 3506 et
1930 3450 2057 3508 sin-

452 3523 594 3581 ceris
649 3534 965 3583 sanctornm
1022 3529 1329 3587 cultoribus
1383 3531 1733 3590 conducibile
1783 3551 1905 3592 reor
1942 3538 2056 3593 ali-

452 3613 586 3686 quid
616 3624 969 3686 procuratum
999 3634 1010 3672 :
1041 3618 1242 3690 quibus
1290 3619 1614 3691 gratandum
1654 3623 1882 3680 omnino
1922 3641 2055 3697 per-

448 3724 666 3777 censeo,
709 3710 876 3783 quod,
917 3718 1082 3768 ruant
1124 3712 1252 3770 licet
1280 3713 1455 3783 venti,
1503 3717 1757 3787 procellae
1800 3718 2049 3791 saeviant,

447 3803 676 3862 flumina
735 3807 1127 3877 intumescant,
1179 3812 1375 3869 domus
1430 3819 1575 3869 certe
1625 3814 1748 3883 Dei,
1798 3814 1956 3886 cujus
1998 3826 2051 3873 et

441 3893 681 3951 cultores
725 3905 779 3952 et
824 3899 1067 3954 ministri
1114 3909 1291 3967 sunt,
1351 3900 1726 3970 intitubatam,
1788 3903 2048 3961 immobi-

443 3982 574 4049 lem,
620 3984 1055 4058 inviolatamque
1105 3987 1189 4041 sui
1233 3987 1446 4042 roboris
1494 3996 1760 4045 aeternum
1804 3992 2050 4051 obtineat

440 4074 778 4146 ﬁrmitatem,
809 4094 933 4150 quae
980 4096 1091 4136 non
1124 4080 1315 4138 ﬂuidis
1359 4082 1687 4141 incumbens
1715 4088 1916 4157 arenis,
1957 4105 2046 4145 ve-

440 4179 564 4219 rum
606 4166 881 4224 columnis
927 4170 1241 4227 coelestibus
1279 4171 1537 4242 subnixa,
1571 4182 1847 4249 petraeque
1891 4179 2047 4236 unita

436 4254 686 4326 perenni,
705 4257 1096 4316 architectante
1116 4263 1248 4330 Deo,
1269 4264 1329 4320 in
1345 4264 1585 4321 solidum
1602 4267 1770 4323 robur
1785 4271 2040 4330 evaserit.

508 4347 628 4406 126.
664 4349 822 4422 Agite
856 4351 1060 4425 itaque,
1103 4354 1371 4426 spiritalis
1398 4356 1643 4414 tirocinii
1684 4359 2041 4431 professores,

434 4438 647 4523 De_hac
675 4450 857 4523 autem
879 4442 1175 4523 Vigilantii‘
1199 4445 1545 4519 aliorumque
1576 4450 1851 4523 sententia
1880 4467 2042 4523 super

431 4516 579 4567 statu
620 4521 933 4570 sanctorum
972 4523 1093 4596 post
1122 4516 1296 4572 vitam
1343 4516 1512 4599 usque
1545 4519 1621 4600 ad
1654 4518 1855 4590 judicii
1884 4516 2032 4578 diem
2054 4528 2107 4602 Β
2148 4536 2239 4591 qu.
2276 4521 2364 4587 12,
2395 4529 2500 4577 art.
2531 4516 2595 4588 8,
2619 4528 2673 4576 et
2705 4521 2864 4589 alibi,
2901 4516 2998 4604 ubi
3026 4539 3145 4578 eam
3176 4523 3377 4605 rejicit.
3411 4516 3720 4606 Cognoscer

433 4580 590 4652 plura
616 4585 765 4641 card.
796 4584 1164 4644 Bellarmiuus
1188 4587 1254 4644 de
1284 4589 1632 4646 Beatitudine
1660 4599 1714 4648 et
1734 4590 2029 4650 Canoniza-
2146 4599 2328 4648 tamen
2356 4599 2573 4648 sanctos
2602 4608 2940 4652 quaecunque
2970 4610 3030 4649 in
3056 4602 3219 4651 terris
3241 4595 3310 4651 ad
3337 4611 3395 4652 se
3418 4596 3720 4652 pertinenti

2168 4608 2328 4648 8111811
2356 4608 2573 4648 εδηαῑοδ
2602 4608 2940 4675 quaecunque
2970 4610 3030 4649 111
3056 4608 3219 4675 ῑθιτεδ
3241 4608 3310 4651 δα
3337 4611 3395 4652 se
3417 4608 3757 4675 ρθτιιηθηῐιι

433 4580 590 4661 plura
616 4585 765 4641 card.
796 4580 1164 4661 Bellar'rniuus
1188 4587 1254 4644 de
1284 4580 1632 4661 Beatitudine
1654 4580 1714 4648 et
1734 4590 2029 4650 Canoniza-

431 4657 595 4731 tion_e_
609 4663 923 4731 sanctorum
957 4657 1053 4731 lib_.
1087 4675 1125 4727 ι,
1157 4675 1275 4731 cap.
1310 4660 1361 4731 1.

2169 3247 2275 3305 den
2284 3249 2411 3304 dum
2431 3249 2605 3305 Deum
2627 3265 2868 3323 paganus
2888 3250 3128 3323 scripsit.
3146 3252 3354 3312 Verum
3374 3270 3440 3311 eo
3460 3255 3581 3329 ipso
3602 3257 3775 3315 Chri-

2168 3338 2366 3409 stiano,
2400 3347 2453 3395 et
2485 3338 2780 3412 baptizato,
2822 3348 2877 3396 et
2922 3349 3160 3410 mortuo,
3203 3342 3353 3416 quod
3394 3347 3567 3402 semel
3605 3347 3773 3419 probe

2166 3428 2401 3499 dixerat,
2430 3430 2680 3502 ineptum
2709 3431 2818 3486 fuit
2843 3430 3201 3489 obsolescere.
3226 3433 3501 3502 Quorsum
3529 3437 3633 3492 ista
3656 3446 3767 3493 tam

2166 3518 2276 3573 alto
2297 3518 2468 3590 petita
2489 3518 2764 3591 principio
2778 3519 2806 3574 ἲ
2826 3518 3101 3579 Videlicet
3118 3531 3178 3579 ut
3195 3524 3451 3581 recolatis
3466 3524 3728 3597 scriptum
3745 3544 3759 3582 :

2165 3606 2528 3663 Adversarius
2563 3614 2744 3664 vester
2780 3607 3057 3679 diabolus,
3098 3619 3360 3684 tanquam
3399 3613 3487 3669 leo
3524 3613 3767 3685 rugiens,

2162 3694 2383 3764 circuit,
2438 3712 2687 3768 quaerens
2723 3712 2888 3769 quem
2933 3698 3179 3756 devoret.
3224 3701 3295 3756 Et
3327 3720 3341 3757 :
3372 3701 3530 3757 Beati
3562 3702 3769 3760 mundo

2163 3784 2345 3852 corde,
2379 3786 2642 3856 quoniam
2671 3786 2777 3859 ipsi
2806 3788 2982 3844 Deum
3015 3789 3303 3846 videbunt.
3343 3790 3595 3858 Quorum
3621 3794 3768 3848 alte-

2162 3888 2285 3928 rum
2305 3874 2532 3930 cautelae
2554 3874 2792 3947 proﬁcit,
2817 3876 3053 3934 alterum
3077 3877 3282 3936 divinas
3308 3882 3766 3955 contemplationi

2159 3964 2446 4022 conducit.

2229 4082 2351 4140 127.
2393 4083 2578 4140 Facite
2632 4085 2880 4142 vicissim
2938 4088 3327 4156 memineritis,
3383 4097 3611 4163 propter
3666 4108 3762 4146 vos

2157 4169 2441 4228 Christum
2488 4181 2806 4242 mortuum;
2848 4183 2910 4231 ut
2946 4175 3041 4248 qui
3072 4175 3285 4245 vivitis,
3318 4193 3431 4233 non
3454 4177 3574 4249 jam
3606 4177 3758 4234 vobis

2154 4260 2392 4331 vivatis;
2425 4262 2520 4319 sed
2546 4264 2620 4329 ei,
2642 4265 2738 4337 qui
2766 4281 2864 4337 pro
2891 4264 3050 4321 vobis
3080 4275 3332 4324 mortuus
3360 4275 3441 4323 est
3467 4286 3480 4335 ;
3507 4280 3645 4324 neve
3670 4267 3759 4323 ad-

2151 4367 2342 4408 versus
2362 4354 2537 4409 Deum
2558 4368 2628 4408 ex
2647 4353 2765 4425 ejus
2786 4370 3013 4410 munere
3029 4355 3324 4413 intlemini.
3350 4357 3607 4431 Accipite
3625 4357 3759 4414 item

2220 4442 2245 4477 "
2271 4451 2350 4506 De
2371 4449 2474 4506 hac
2494 4466 2526 4505 ο
2569 4448 2754 4505 inioue
2778 4449 2956 4531 videri
2980 4460 3157 4532 potest
3179 4453 3235 4509 S.
3261 4453 3499 4509 Thomas
3523 4454 3549 4509 1
3581 4462 3755 4527 parte,

2226 4563 2239 4576 .
2276 4521 2364 4576 12.
2395 4529 2500 4576 art.
2619 4528 2673 4576 et
2705 4521 2864 4576 alibi.
2901 4522 2995 4576 ubi
3026 4539 3145 4576 eam
3177 4523 3377 4576 reiicit.
3411 4525 3755 4576 Cognoscere

2571 4538 2595 4588 ,ί
2619 4528 2673 4576 et
2705 4521 2864 4589 alibi,
2901 4521 2997 4596 ubi
3026 4539 3145 4578 eam
3177 4523 3377 4596 rejicit.
3411 4521 3758 4596 Cognoscere

2172 4672 2420 4736 eruntur,
2471 4664 2633 4736 atque
2680 4664 2958 4736 imprimis
3009 4682 3125 4722 sese
3172 4664 3554 4725 invocantium
3600 4677 3753 4735 vota,

2172 4680 2420 4732 eruntur,
2471 4680 2633 4736 atque
2680 4680 2958 4736 imprimis
3009 4682 3125 4722 sese
3172 4680 3554 4725 invocantium
3600 4680 3753 4735 vota,

2133 4680 2477 4810 docetAide‘m
2518 4735 2630 4802 2-2,
2673 4752 2765 4808 qu.
2798 4735 2886 4810 8_3,
2922 4743 3029 4793 art.
3062 4736 3128 4805 4;
3166 4746 3220 4793 et
3249 4754 3365 4810 par.
3402 4755 3483 4805 III,
3521 4754 3618 4809 qu.
3665 4739 3753 4806 10,

2131 4812 2252 4889 art:
2394 4806 2513 4889 Qua
2558 4805 2965 4889 vero—ratione.
2999 4823 3063 4863 ea
3097 4805 3462 4889 .cqgrroscant,
3508 4805 3757 4889 quatuor

2130 4884 2259 4932 sunt
2285 4876 2585 4951 doctorum
2615 4877 2927 4951 sententiae,
2951 4878 3137 4951 inquit
3157 4876 3480 4935 Bellarmin.
3507 4876 3607 4935 lib.
3642 4880 3751 4937 cit.

2129 4947 2366 5032 cap.‘2.0,
2388 4947 2495 5028 ubi
2531 4962 2620 5028 eas
2648 4948 2890 5032 breviter
2917 4947 3429 5032 propgsita-s'legere
3456 4958 3561 5007 est.

2201 5017 2221 5055 ε
2254 5018 2531 5074 Nimirum
2554 5017 2624 5094 in
2655 5035 2718 5075 ea
2746 5017 3033 5094 sententia
3050 5021 3164 5094 fuit
3194 5017 3444 5094 Hericus,
3493 5037 3662 5094 quam
3694 5030 3751 5078 et

2131 5089 2500 5170 Hieronymus
2512 5089 2997 5170 videturinnuere,
3016 5092 3162 5170 quod
3180 5092 3381 5170 animae
3396 5089 3721 5149 sanctorum
3732 5138 3745 5162 ,

2126 5163 2269 5238 sicut
2282 5162 2447 5238 etiam
2462 5162 2665 5238 angeli,
2681 5163 2822 5219 mira
2832 5162 3068 5235 quadam
3082 5164 3365 5238 celeritate
3387 5171 3601 5220 natura:
3613 5180 3750 5238 quo-

2126 5232 2553 5309 dammodqsint
2568 5233 2797 5309 ubique,
2812 5232 2870 5309 et
2889 5250 3063 5309 perrse
3075 5235 3302 5309 audiant
3323 5250 3512 5309 preces
3535 5232 3745 5309 suppli-

2124 5304 2390 5362 cantium.
2409 5304 2550 5363 Vide
2566 5304 2965 5362 Bellarminum
2987 5306 3196 5363 ibidem
3217 5304 3359 5363 hanc
3380 5304 3743 5363 refutantém.

2195 5375 2221 5450 εξ
2270 5377 2328 5450 lu
2375 5376 2621 5448 margine
2647 5375 2875 5450 codicis
2926 5377 3314 5450 Lugdunensis
3360 5376 3541 5450 nostri
3585 5378 3748 5434 anti-

2162 5445 2388 5523 uissima
2415 5445 2580 5523 manu
2608 5445 3044 5523 citatu_s_legitur
3069 5450 3343 5523 Fonteius,
3375 5448 3566 5523 nescio
3590 5450 3740 5523 quis,

2168 5519 2618 5594 arthqginiensis:
2646 5520 2793 5594 apud
2820 5519 3270 5594 Labbeumvero
3295 5521 3370 5594 _iu
3412 5520 3535 5594 ipso
3578 5519 3744 5578 textu

2120 5589 2283 5663 paulo
2308 5589 2541 5663 inferius
2571 5589 2805 5663 legitur:
2844 5591 2996 5660 Quod
3022 5592 3245 5663 quidam
3273 5592 3336 5648 de
3366 5589 3537 5650 mente
3567 5609 3740 5648 mun-

2119 5660 2399 5737 dqndaud
2425 5660 2707 5737 vidende
2733 5663 2903 5720 Deum
2922 5660 3168 5737 paganus
3193 5662 3445 5721 Fonteius
3490 5664 3737 5722 Cartha-

2119 5731 2424 5804 ginensibus
2461 5733 2697 5806 scripsit.

498 4733 516 4753 ⁸
549 4725 677 4806 Haec
708 4726 885 4807 etiam
909 4725 1263 4807 _verba'sur_it
1312 4730 1735 4807 S._l_lieronymi
1766 4777 1779 4802 ,
1828 4734 2025 4807 quibus

428 4809 539 4875 non
580 4795 853 4875 significat
888 4800 1129 4875 Agnum,
1180 4801 1239 4857 id
1266 4810 1347 4858 est
1377 4795 1661 4859 Christum
1706 4795 1879 4875 Deum
1913 4806 2023 4861 ho-

427 4868 652 4945 minem,
685 4883 800 4923 esse
830 4868 889 4923 in
918 4868 1070 4925 omni
1116 4872 1237 4928 loco
1265 4875 1484 4945 proprie
1521 4873 1823 4930 secundum
1866 4887 2021 4933 natu-

426 4952 541 5018 ram
558 4938 855 4996 humanam
873 4956 1027 5019 asque
1046 4956 1109 5019 ac
1126 4938 1429 5019 secundum
1453 4945 1727 5012 divinam,
1751 4962 1871 5019 quae
1894 4948 2022 5004 Ubi-

425 5011 729 5088 quislarum
759 5020 842 5067 est
871 5011 1130 5088 haeresis;
1171 5013 1265 5070 sed
1297 5015 1455 5072 illum
1486 5011 1718 5072 summa
1730 5011 2020 5088 praeditum

423 5094 537 5160 esse
588 5081 1258 5160 libertate_agilitateque,
1303 5102 1410 5160 qua
1455 5104 1586 5143 mox
1633 5081 1973 5160 ességpossit
2003 5134 2017 5159 ,

423 5148 737 5225 ubicunque
779 5148 945 5225 vult;
971 5154 1132 5211 talem
1150 5148 1294 5213 ’νεὶ-ο
1317 5148 1652 5215 'libertatem
1708 5148 1872 5216 etiam
1906 5148 2019 5217 illis

423 5224 878 5304 communicatam
901 5224 978 5281 ait
997 5242 1132 5304 esse,
1155 5229 1259 5304 qui
1276 5238 1580 5304 sequuntur
1598 5230 1836 5304 Agnum,
1889 5249 2018 5304 quo-

422 5308 545 5349 cum
591 5313 655 5353 ue
683 5296 848 5364 ierit;
885 5313 948 5354 ac
976 5296 1206 5371 proinde
1236 5296 1436 5358 falsum
1465 5317 1581 5357 esse
1614 5296 1781 5375 (quod
1818 5296 2016 5360 assere-

422 5360 513 5418 bat
542 5313 923 5422 3iailantiusl.
956 5385 1048 5422 eos
1075 5371 1160 5422 vel
1184 5371 1240 5422 in
1269 5373 1389 5422 sinu
1418 5373 1666 5422 Ahmhm-
1692 5374 1775 5422 vel
1812 5375 1864 5422 in
1899 5377 2016 5422 lnm

420 5360 513 5445 bat
538 5360 1048 5445 Vigilantius),_eos
1075 5371 1160 5426 vel
1184 5371 1241 5427 in
1269 5373 1393 5431 sinu
1412 5360 1667 5440 Abrahae:
1692 5374 1776 5429 vel
1809 5375 1867 5429 in
1899 5377 2017 5433 loco

420 5434 710 5506 refrigerii,
754 5441 841 5515 vel
871 5434 1059 5515 subter
1094 5457 1242 5497 aram
1262 5445 1373 5515 Dei
1408 5434 1693 5502 considere
1741 5444 2013 5515 detentus,

419 5518 531 5589 nec‘
548 5523 697 5589 parre
717 5511 832 5589 guis
862 5512 1099 5589 tumulis,
1140 5514 1306 5589 etabi
1350 5517 1632 5589 uoluerint,
1662 5518 1839 5572 adesse
1861 5535 1998 5589 prte-

418 5578 599 5660 sentes.
627 5577 815 5660 Yides,
848 5596 958 5660 non
989 5577 1122 5652 dici,
1168 5583 1294 5660 illos
1320 5585 1524 5656 ubique
1561 5577 1746 5660 adesse
1780 5577 2012 5660 praesen-

416 5645 836 5794 ἑῖεῶδέῗιίὲϐξοεδθ
863 5651 976 5706 suis
1010 5645 1259 5726 tumulis,
1290 5664 1343 5714 et
1372 5645 1466 5715 ubi
1496 5645 1795 5728 voluerint;
1826 5658 2013 5717 adesse
