4074 6186
252 207 390 268 1269

1230 213 1463 273 SERMO
1501 217 1574 274 IN
1611 214 2106 276 SOLEMNITATE
2145 220 2200 276 S.
2247 219 2586 279 GERMANI.

3435 227 3575 286 1270

247 365 516 436 scriptum
542 381 553 418 ε
592 363 772 464 Elegit
799 381 900 421 n05
927 364 986 421 in
1007 366 1128 439 ipso
1150 376 1276 470 alltc
1294 369 1486 470 Ψξληάί
1508 373 1855 470 amisii-mli“
1883 375 1932 433 Α
1967 390 2071 458 his,
2096 391 2364 464 quidquid
2386 393 2563 448 sobrie
2579 395 2824 465 potestis,
2857 394 3100 466 adjicite;
3129 397 3410 470 quoniam,
3438 414 3564 454 cum

250 473 416 522 nem;
453 471 564 510 non
605 454 731 526 quia
769 471 984 512 eramus
1036 458 1210 515 sancti
1261 467 1316 514 et
1355 459 1715 528 immaculati,
1761 469 1856 516 aut

252 546 382 619 quia
401 545 573 601 futuri
605 562 821 604 eramus
850 549 1025 605 sancti
1049 557 1102 605 et
1123 549 1462 608 immaculati
1489 553 1718 626 (alioqui
1743 570 1853 608 non

249 643 363 690 tam
395 637 719 706 prmrogatio
754 638 965 709 gratiae,
998 657 1158 712 quam
1183 641 1527 712 vicissitudo,
1553 645 1641 699 vel
1662 644 1855 699 relatio

250 723 433 778 meriti
464 726 773 797 putaretur)
802 747 814 795 ;
863 728 955 784 sed
986 731 1148 802 elegit
1174 749 1275 788 nos
1311 743 1371 790 ut
1399 751 1641 791 essemus
1680 737 1853 791 sancti

249 821 303 868 et
337 813 697 884 immaculati,
731 817 786 873 id
819 827 900 875 est
930 822 1182 894 eligendo
1225 826 1478 896 praestitit
1512 834 1572 880 ut
1615 842 1856 881 essemus

250 909 428 964 sancti
450 917 504 964 et
528 911 866 969 immaculati
888 933 902 982 ;
927 917 1022 987 qui
1053 916 1160 972 nisi
1190 917 1376 985 vellet,
1409 934 1476 972 ne
1505 918 1606 972 ulli
1631 916 1852 989 quidem

249 1015 364 1054 esse
403 1017 703 1071 possemus.
745 1004 813 1059 Ei
852 1013 1016 1076 caput
1045 1005 1390 1072 submittite;
1422 1022 1524 1062 nec
1554 1007 1620 1061 de
1653 1014 1853 1071 vestra,

248 1092 344 1148 sed
378 1092 444 1148 de
479 1092 596 1164 ejus
653 1094 897 1151 bonitate
943 1096 1292 1168 praesumite;
1336 1097 1436 1152 sub
1474 1100 1856 1170 potentissima

249 1198 418 1237 manu
449 1181 566 1254 ejus
597 1183 994 1244 humiliamini.
1030 1188 1231 1243 Tutum
1262 1189 1492 1260 capietis
1517 1191 1574 1244 in
1606 1189 1723 1262 ejus
1744 1191 1855 1263 pie.

251 1280 360 1328 tate
393 1275 725 1347 perfugium,
761 1277 856 1348 qui
885 1294 1100 1350 semper
1128 1287 1348 1349 paratus
1379 1287 1460 1334 est
1480 1295 1698 1350 parcere
1730 1279 1853 1336 sub-

226 1363 408 1435 ‘jectis
447 1372 502 1420 et
540 1365 815 1421 debellare
855 1368 1138 1439 superbos.
1193 1369 1430 1425 Athletae
1469 1370 1567 1425 Dei
1602 1370 1752 1438 estis,
1795 1370 1854 1425 in

251 1451 428 1507 stadio
459 1454 696 1525 spiritali
733 1455 1064 1511 decernitis:
1109 1456 1352 1528 legitime
1390 1456 1712 1514 certandum
1751 1464 1851 1526 est,

250 1553 313 1600 ut
330 1543 398 1600 ad
426 1544 679 1601 bravium
705 1547 1066 1620 pertingatur.
1086 1548 1470 1620 Spectaculum
1494 1547 1626 1605 huic
1647 1548 1854 1604 mundo

249 1633 379 1690 facti
402 1633 532 1689 estis
557 1653 570 1701 ;
599 1634 657 1690 in
676 1653 775 1691 vos
796 1638 1048 1693 omnium
1073 1639 1220 1694 oculi
1240 1637 1556 1710 diriguntur
1587 1657 1600 1706 ;
1629 1655 1855 1695 conver-

1967 480 2126 536 laude
2156 489 2344 536 nostra
2372 499 2483 538 non
2515 493 2688 556 egeat,
2722 492 2870 556 grata
2898 493 3080 542 tamen
3111 486 3159 541 ei
3191 494 3271 542 est
3313 503 3425 543 suae
3472 487 3566 542 de-

1965 570 2118 625 votio
2153 579 2416 627 creaturae
2449 592 2460 628 :
2487 583 2670 630 vestra
2693 564 2851 632 laude
2873 593 2973 631 nec
2994 592 3183 647 parum
3217 576 3451 647 proﬁcit;
3479 576 3571 648 pio

1965 667 2147 716 tamen
2173 659 2359 717 studio
2389 661 2592 730 facitis,
2617 672 2678 718 ut
2700 680 2762 719 ea
2781 682 2879 721 vos
2905 666 3209 736 plurimum
3243 665 3568 737 proﬁciatis.

1963 751 2106 808 Aliis
2140 751 2612 825 belligerantibus,
2637 755 3064 826 agricolantibus
3093 757 3236 825 aliis,
3267 757 3465 813 tertius
3486 774 3572 812 or-

1965 841 2035 896 do
2065 843 2213 911 estis,
2244 859 2380 916 quos
2410 844 2466 898 in
2485 851 2692 914 partem
2725 847 2951 916 privatae
2973 848 3137 902 sortis
3157 847 3364 918 allegit,
3390 863 3559 920 quan-

1965 938 2021 986 to
2069 931 2231 988 rebus
2276 933 2602 990 extrinsecis
2647 951 2873 1002 vacuos,
2927 943 3078 990 tanto
3131 953 3240 992 suae
3285 937 3570 994 servitutis

1966 1021 2347 1080 {unctionibus
2375 1026 2742 1096 occupandos.
2768 1028 2946 1099 thue
2967 1027 3059 1082 alii
3085 1043 3182 1098 pro
3212 1026 3369 1082 vobis
3399 1029 3567 1086 duras

1965 1112 2320 1169 conditiones
2351 1114 2592 1170 subeunt
2620 1116 2704 1170 vel
2731 1116 2968 1184 militiae,
3002 1118 3089 1172 vel
3123 1116 3345 1173 laboris:
3379 1116 3570 1174 itidem

1966 1219 2065 1258 vos
2083 1203 2196 1258 illis
2225 1203 2453 1259 obnoxii
2493 1205 2809 1276 persistitis,
2833 1213 2895 1260 ut
2915 1222 3007 1261 eos
3028 1205 3343 1261 orationum
3375 1215 3428 1263 et
3444 1207 3571 1264 ΟΠΞ-

1964 1290 2036 1347 cii
2067 1290 2330 1347 instantia
2358 1294 2787 1365 prosequamini.
2833 1295 3014 1366 Atque
3041 1302 3102 1348 ut
3127 1295 3280 1350 aliud
3313 1311 3427 1350 esse
3467 1313 3569 1352 co—

1967 1396 2212 1452 arguam,
2253 1381 2400 1453 quod
2430 1390 2638 1438 naturae
2668 1383 3042 1452 consortibus,
3073 1383 3225 1438 aliud
3278 1383 3426 1456 quod
3464 1384 3568 1456 ipsi

1967 1469 2196 1525 debetur
2242 1472 2354 1526 Deo
2391 1489 2401 1526 :
2434 1470 2574 1527 illud
2625 1481 2751 1528 ante
2798 1473 2984 1528 omnia
3028 1488 3244 1546 semper
3283 1473 3342 1528 in
3390 1474 3567 1530 oculis

1965 1560 2192 1628 volvite,
2227 1560 2374 1633 quod
2406 1561 2518 1632 ipse
2548 1578 2646 1617 vos
2679 1561 2890 1631 fecerit,
2924 1562 3072 1634 quod
3100 1561 3344 1634 perditos
3378 1563 3566 1617 refor—

1965 1653 2149 1720 marit,
2184 1651 2332 1724 quod
2357 1660 2468 1708 tam
2501 1655 2729 1723 crebris,
2773 1663 2883 1712 tam
2907 1654 3165 1726 copiosis,
3199 1661 3308 1710 tam
3331 1654 3568 1726 denique

249 1725 389 1780 satio
417 1734 599 1782 vestra
627 1733 890 1798 tanquam
913 1728 969 1782 in
992 1728 1216 1798 speculo
1243 1727 1564 1796 constituta,
1597 1728 1857 1800 magistra

1964 1741 2224 1814 proﬁcuis
2243 1743 2558 1815 provexerit
2572 1744 2876 1814 beneﬁciis,
2901 1755 2962 1801 ut
2976 1725 3106 1802 hinc
3119 1744 3382 1800 laudandi
3405 1725 3566 1800 illum

248 1827 331 1873 est
369 1819 602 1891 publicae
642 1818 988 1890 disciplinae:
1030 1818 1302 1892 quidquid
1357 1819 1598 1890 egeritis,
1647 1817 1704 1874 id
1747 1818 1853 1874 sibi

250 1922 444 1962 omnes
480 1908 792 1965 faciendum
824 1917 1038 1980 putant.
1083 1908 1282 1966 Cavete
1321 1909 1667 1964 committere
1707 1907 1853 1979 quod

249 1997 338 2053 vel
370 1997 854 2069 reprehensoribus
882 2007 1084 2072 pateat,
1116 2001 1201 2055 vel
1233 1999 1538 2055 imitatores
1558 2000 1616 2054 in
1632 2000 1851 2054 ruinam

249 2091 562 2162 compellat.
608 2091 881 2162 Propositi
923 2092 1092 2163 hujus
1131 2090 1412 2162 principes
1448 2089 1649 2144 amula
1697 2086 1854 2142 vobis

247 2180 452 2252 pietate
497 2181 811 2252 proponite,
860 2197 1094 2252 quorum
1142 2197 1391 2236 veracem
1446 2180 1753 2236 doctrinam
1801 2186 1854 2234 et

247 2278 439 2326 sancta
486 2286 650 2342 opera
698 2272 1002 2338 imitantes,
1050 2269 1120 2325 ad
1161 2270 1400 2327 caelestis
1448 2269 1600 2341 regni
1655 2285 1855 2342 pascua

247 2368 559 2434 properate.
594 2361 825 2416 Mortem
859 2360 1010 2416 horis
1041 2359 1299 2415 omnibus
1325 2359 1734 2431 impendentem
1757 2359 1853 2414 in—

249 2453 463 2510 defecte
495 2451 838 2508 meditamini
867 2470 878 2517 ;
913 2452 1164 2518 scientes,
1198 2450 1341 2506 nihil
1373 2467 1486 2507 esse
1502 2451 1850 2520 diuturnum,

251 2545 311 2601 in
351 2561 461 2618 quo
499 2551 676 2615 potest
713 2559 828 2598 esse
866 2541 1078 2614 aliquid
1114 2550 1462 2611 extremum;
1505 2543 1853 2599 moriendum

248 2651 357 2709 que
387 2635 663 2702 omnibus,
697 2641 749 2689 et
779 2633 836 2688 id
869 2632 1162 2702 incertum,
1191 2650 1260 2688 an
1291 2651 1354 2689 eo
1384 2635 1504 2706 ipso
1532 2635 1642 2692 die.
1679 2635 1854 2692 Cum-

250 2741 356 2798 que
387 2725 453 2779 ad
486 2724 541 2778 id
575 2731 802 2779 ventum
834 2722 1022 2792 fuerit,
1045 2732 1161 2779 tum
1196 2725 1338 2780 illud
1370 2725 1640 2798 quidquid
1663 2735 1852 2798 praete-

253 2818 372 2885 riit,
404 2817 651 2884 efﬂuxit;
684 2823 899 2872 tantum
929 2822 1193 2885 remanet,
1225 2816 1372 2888 quod
1402 2817 1608 2873 virtute
1636 2826 1687 2873 et
1710 2825 1853 2875 recte

251 2909 430 2964 ﬂactis
457 2915 786 2964 consecutus
813 2908 906 2962 sis.
941 2906 1339 2963 Voluntatibus
1366 2907 1674 2963 renitimini
1702 2927 1714 2975 ;
1759 2926 1852 2963 vo-

257 3000 562 3072 luptatibus
604 3006 920 3071 repugnate,
960 3014 1029 3053 ne
1066 3003 1120 3053 et
1161 3015 1260 3053 vos
1298 3015 1488 3054 eorum
1528 2997 1852 3070 subjaceatis

1963 1841 2224 1903 concepta
2271 1834 2521 1901 materia,
2564 1832 2695 1889 dum
2744 1834 2793 1888 ei
2838 1841 3209 1905 competentes
3257 1835 3460 1906 gratias
3502 1834 3568 1890 de

1965 1921 2234 1992 perceptis
2263 1929 2316 1977 et
2346 1922 2562 1979 habetis
2593 1930 2646 1979 et
2684 1923 2902 1979 refertis
2934 1924 3277 1992 muneribus,
3318 1922 3464 1979 ﬁatis
3500 1923 3568 1978 ad

1963 2009 2283 2078 accipienda
2326 2010 2584 2080 deinceps
2613 2019 2669 2066 et
2698 2013 2859 2082 plura
2888 2021 2942 2067 et
2972 2013 3214 2082 plurima
3265 2012 3564 2084 digniores.

1963 2095 2081 2148 Jam
2116 2110 2265 2161 vero,
2301 2104 2364 2150 ut
2414 2097 2469 2150 in
2506 2099 2709 2152 summi
2759 2099 3037 2168 praeconio
3083 2100 3279 2170 capitis
3326 2101 3569 2157 membra

1964 2200 2181 2256 quoque
2228 2183 2347 2255 ejus
2397 2186 2609 2257 inclyta
2658 2186 2918 2242 nonnihil
2951 2195 3164 2243 constet
3194 2187 3392 2245 habere
3422 2206 3567 2246 com-

1966 2290 2150 2340 mune,
2180 2275 2413 2346 accipite
2441 2283 2493 2330 et
2524 2275 2663 2331 illud
2695 2276 2940 2332 celeuma
2987 2277 3320 2335 Davidicum
3363 2279 3420 2334 in
3451 2279 3568 2336 haec

1966 2364 2346 2436 proloquentis
2391 2364 2558 2419 verba
2611 2383 2624 2420 :
2679 2365 2918 2419 Laudate
2953 2365 3239 2420 Dominum
3277 2367 3334 2421 in
3373 2368 3567 2423 sanctis

1965 2453 2110 2523 ejus;
2155 2459 2418 2525 tanquam
2467 2453 2713 2510 eamdem
2762 2455 3089 2510 sententiam
3136 2456 3300 2511 modo
3347 2457 3567 2515 diverso

1965 2544 2267 2614 explicans,
2311 2543 2460 2599 dicat
2495 2562 2506 2600 :
2540 2543 2658 2599 Non
2711 2545 2843 2602 satis
2885 2546 3135 2600 consulte
3184 2545 3366 2617 agitis,
3413 2547 3459 2602 si
3497 2547 3565 2602 ab

1965 2632 2160 2688 invicti
2184 2633 2530 2704 imperatoris
2561 2633 2734 2704 gloria
2754 2634 3148 2692 ﬁdissimorum
3171 2635 3288 2708 ejus
3319 2637 3562 2693 militum

1964 2721 2276 2793 triumphos
2325 2730 2378 2776 et
2425 2722 2623 2778 merita
2668 2723 2962 2780 eximenda
3001 2723 3304 2796 judicatis;
3349 2743 3564 2784 summa

1965 2818 2134 2889 igitur
2166 2834 2288 2890 ope,
2320 2818 2552 2874 summis
2587 2819 2804 2876 viribus
2833 2819 3136 2892 gloriﬁcate
3163 2823 3362 2892 Deum,
3397 2823 3566 2895 gratis

1963 2909 2124 2965 vobis
2148 2909 2292 2966 bona
2323 2910 2508 2966 omnia
2545 2911 2880 2966 tribuentem
2908 2929 2922 2979 ;
2956 2914 3302 2970 veneramini
3344 2914 3563 2972 beatum

1963 3001 2322 3068 Germanum,
2374 3017 2435 3056 ea
2481 3001 2658 3066 vobis,
2695 3002 3091 3073 potentissimae
3150 3005 3564 3060 intercessionis

253 3091 492 3157 excidio,
517 3091 585 3146 de
606 3091 807 3163 quibus
831 3090 1105 3162 PrOpheta
1125 3098 1474 3162 conquestus,
1500 3090 1647 3164 quod
1667 3099 1854 3147 trans-
1885 3096 1928 3156 C
1959 3091 2218 3162 suffragio
2266 3099 2703 3162 promerentem;
2753 3098 3106 3162 caeterosque,
3153 3092 3202 3146 ei
3254 3100 3307 3147 et
3355 3094 3563 3165 templo

253 3180 422 3237 ierint
451 3181 508 3235 in
539 3180 792 3236 allectum
824 3181 1025 3249 cordis,
1051 3181 1345 3254 imaginem
1379 3183 1601 3238 illorum
1626 3183 1684 3238 in
1714 3183 1848 3239 civi-

253 3280 364 3328 tate
397 3271 496 3328 Dei
527 3273 593 3327 ad
623 3271 861 3327 nihilum
892 3272 1243 3344 redigendam
1277 3273 1631 3344 imprecatur.

328 3363 446 3418 128.
481 3363 538 3418 Si
566 3364 698 3435 quid
725 3365 835 3419 Deo
866 3365 1122 3431 vovistis,
1147 3364 1534 3419 incunctanter
1557 3360 1849 3428 absolvite,

255 3469 523 3510 memores
561 3456 776 3512 ruinam
816 3472 931 3511 esse
969 3453 1185 3508 homini
1226 3461 1347 3522 post
1385 3459 1513 3506 vota
1542 3458 1776 3506 tractare
1806 3459 1849 3507 ⁸.

250 3544 583 3616 Praestatque
629 3562 741 3599 non
789 3559 991 3598 vovere
1049 3559 1212 3614 quam
1261 3550 1391 3598 vota
1439 3559 1550 3597 non
1603 3541 1848 3598 reddere.

251 3634 364 3691 Nec
392 3633 608 3705 procul,
636 3649 736 3688 nec
765 3640 921 3687 extra
950 3641 1078 3688 sunt
1105 3639 1362 3687 votorum
1394 3640 1706 3688 nostrorum
1738 3633 1856 3688 im-

253 3722 490 3796 pendia;
522 3721 635 3790 sed,
658 3730 719 3778 ut
745 3722 1030 3778 Psalmista
1051 3723 1250 3778 fatetur
1274 3742 1284 3779 :
1316 3725 1378 3779 In
1406 3741 1490 3779 me
1515 3733 1664 3793 sunt,
1688 3726 1852 3793 Deus,

257 3823 410 3882 vota,
443 3830 562 3886 quae
591 3812 835 3881 reddam,
871 3812 1212 3870 laudationes
1231 3814 1354 3869 tibi.
1379 3816 1439 3869 In
1471 3815 1556 3870 his
1581 3815 1852 3872 indefesse

255 3906 531 3981 persistite
555 3925 568 3972 ;
599 3904 695 3960 has
726 3904 988 3973 interdiu,
1011 3903 1110 3958 has
1130 3903 1386 3958 noctibus
1403 3904 1726 3960 concinnate
1753 3924 1767 3971 ;
1793 3907 1852 3960 in

327 4043 348 4068 '
389 4034 659 4109 Tractare,
694 4046 753 4085 ea
786 4028 1016 4109 scilicet,
1051 4027 1356 4109 quaenvptis
1391 4036 1714 4109 repugnant.
1750 4028 1851 4083 Vel

258 4109 489 4158 tractare
527 4103 667 4158 forte
707 4100 978 4171 accipitur
1016 4099 1116 4173 pro
1154 4099 1374 4156 differre
1411 4116 1506 4155 seu
1536 4099 1596 4154 in
1627 4101 1849 4170 longum

1958 3188 2238 3236 consortes
2284 3187 2337 3235 et
2375 3179 2593 3248 merito,
2641 3178 2730 3250 pia
2779 3177 3080 3234 devotione
3135 3181 3557 3252 prosequimini,

1960 3269 2141 3325 anxiis
2170 3268 2456 3325 affectibus
2490 3268 2811 3340 implorata;
2836 3276 2897 3324 ut
2927 3283 3089 3340 quem
3121 3268 3302 3324 locum
3333 3269 3556 3341 eligere,

1961 3374 2165 3430 suaque
2194 3359 2486 3430 praesentia
2524 3365 2578 3412 et
2608 3357 2900 3413 sanctitate
2947 3356 3404 3413 ﬂorentissimum
3446 3376 3560 3415 esse

1962 3449 2283 3516 voluerunt,
2309 3447 2767 3518 hunc,universis
2796 3448 3039 3503 hostium
3076 3447 3250 3519 copiis
3281 3455 3426 3503 terra
3449 3465 3561 3504 ma-

1964 3537 2119 3611 rique
2165 3541 2452 3610 superatis,
2489 3555 2552 3596 ac
2609 3539 2921 3594 truculenta
2974 3540 3287 3594 daemonum
3337 3539 3561 3594 exclusa

1967 3627 2279 3698 tyrannide,
2312 3627 2560 3684 cladibus
2590 3628 2857 3695 eximant,
2891 3627 3068 3683 ruinis
3099 3626 3394 3696 adbucant,
3433 3644 3559 3684 me-

1967 3716 2088 3772 ritis
2131 3716 2386 3784 fulciant,
2437 3716 2692 3788 precibus
2741 3724 3045 3788 protegant,
3077 3725 3240 3790 atque
3267 3716 3333 3773 ab
3363 3717 3559 3773 omni-

1964 3805 2098 3862 faria
2143 3807 2495 3878 praesentium
2546 3807 2964 3878 futurorumque
3011 3805 3398 3864 discriminum
3441 3807 3558 3864 im—

1963 3897 2226 3954 manitate
2259 3896 2580 3954 defendant.

1961 4029 2176 4083 trahere
2203 4038 2457 4085 votorum
2490 4027 3174 4086 exsecutionem.Labbeus
3201 4028 3354 4102 legit,
3383 4035 3558 4085 retra-

1963 4107 2122 4155 ctare.

1329 4349 1632 4426 SERMO
1685 4350 2089 4425 EJUSDEM
2159 4349 2464 4423 HERICl

1095 4499 1172 4560 In
1214 4495 1620 4561 solemnitate
1661 4494 1874 4560 sancti
1916 4496 2210 4557 GERMANI
2252 4492 2632 4559 recitandur
2675 4507 2717 4561 '.

332 4740 450 4798 129.
475 4739 756 4808 Recolitis,
780 4736 1152 4811 dilectissimi,
1176 4736 1322 4794 diem
1350 4737 1589 4811 publicis
1609 4740 1852 4796 ecclesiae
1883 4747 1930 4804 D
1963 4755 2024 4794 ea
2063 4739 2293 4794 intentis
2341 4739 2615 4811 excepisse
2663 4736 2881 4811 animis,
2924 4756 3034 4794 non
3079 4740 3313 4796 obscuro
3343 4740 3555 4799 indicio

251 4812 476 4885 gaudiis
496 4812 842 4885 dedicatum;
875 4810 1032 4882 cujus
1048 4810 1522 4885 splendoremetsi
1553 4827 1732 4885 sermo
1761 4819 1855 4866 ta—

249 4882 391 4948 ceat,
407 4883 790 4955 religiosorum
804 4891 986 4955 tamen
995 4889 1305 4955 conventus
1322 4890 1374 4938 et
1386 4882 1608 4955 devotio
1621 4883 1819 4938 clamat
1839 4901 1849 4939 :

248 4962 361 5034 tam
393 4953 641 5034 honestis
667 4954 815 5034 enim
838 4953 1194 5034 studiisgtam
1219 4953 1842 5034 conspirantibusvptis,

248 5026 307 5080 in
342 5024 509 5096 hujus
535 5025 644 5081 diei
667 5025 877 5081 cultum
899 5033 953 5080 et
976 5024 1219 5080 laetitiam
1243 5024 1592 5150 conjurastis,
1615 5033 1677 5080 ut
1701 5026 1846 5081 festi-

248 5097 442 5150 vitatis
468 5096 876 5150 magniﬁcentia
904 5095 1018 5150 suis
1047 5111 1142 5150 uer
1161 5111 1216 5150 se
1237 5096 1340 5150 titu
1371 5096 1415 5150 is
1435 5097 1566 5150 satis
1586 5097 1842 5150 emineat.

247 5095 442 5152 vitatis
456 5096 885 5169 magniﬁcentia
904 5095 1142 5169 suisAper
1161 5111 1216 5169 se
1237 5095 1415 5151 titulis
1435 5097 1566 5169 satis
1586 5097 1842 5169 emineat,

248 5168 466 5249 _t_ametsi
503 5166 726 5249 ablejus
765 5167 923 5223 laude
952 5166 1269 5249 oﬂicipsitas
1302 5167 1568 5249 praeconis
1598 5166 1844 5223 absistat.

247 5240 552 5318 :l‘antorum
583 5238 753 5318 igitur
775 5255 984 5318 causas,
1010 5245 1064 5318 et
1091 5238 1338 5318 fomitem
1363 5238 1692 5318 gaudiorum
1719 5256 1848 5296 cre-

246 5309 386 5380 bris,
428 5311 539 5366 imo
579 5308 860 5367 continuis
901 5308 1230 5366 lectionibus
1285 5308 1594 5365 didicistis:
1643 5327 1847 5382 vosque

317 5437 340 5464 ³
383 5428 610 5500 Legitur
656 5429 750 5486 hic
790 5429 990 5486 titulus
1034 5445 1160 5485 cum
1209 5426 1474 5500 subjecto
1498 5443 1747 5483 sermone
1789 5429 1846 5500 in

248 5500 439 5558 codice
467 5498 657 5557 nostro
689 5501 1038 5573 Lugdunensi
1059 5518 1088 5573 4;,
1109 5516 1217 5555 non
1246 5506 1430 5573 tamen
1461 5498 1567 5573 hoc
1594 5498 1847 5573 loco,_sed

248 5578 376 5629 ante
390 5579 687 5647 utrumque
705 5570 910 5631 librum
933 5571 1152 5630 de‘Vita
1173 5579 1227 5628 et
1245 5570 1526 5629 Miraculis
1550 5588 1562 5637 ;
1595 5571 1846 5627 eumdem

1965 4811 2302 4883 declarastis,
2326 4811 2456 4883 dum
2477 4809 2866 4883 miraculorum
2887 4811 3192 4883 cwlestium
3213 4811 3552 4883 majestatem

1963 4883 2132 4956 sacris
2160 4881 2373 4956 paginis
2393 4882 2758 4956 intonantem,
2784 4880 3019 4956 internis
3047 4880 3320 4956 suspiriis',
3354 4892 3407 4939 et
3434 4901 3554 4956 per-

1963 4899 2132 4938 sacris
2160 4899 2373 5008 pagllms
2393 4899 2758 4946 intonantem,
2784 4899 3019 4938 internis
3047 4899 3320 4954 suspirns,
3354 4899 3407 4939 et
3434 4901 3549 4956 per-

1963 4955 2153 5026 spicuo
2200 4970 2230 5008 a
2301 4952 2532 5026 Asingula
2574 4952 2885 5026 honorastis
2928 4953 3145 5026 all'ectug.
3178 4954 3353 5026 Hodie
3401 4956 3549 5011 enim

1961 5021 2231 5096 pretiosus
2287 5021 2610 5091 Germanus,
2659 5021 2750 5076 ille
2795 5022 3077 5096 quondam,
3119 5023 3284 5094 hujus
3311 5027 3553 5082 ecclesiae

1962 5095 2188 5152 antistes
2217 5096 2543 5168 praecipuus,
2576 5109 2724 5149 nunc
2755 5101 2957 5168 autem,
2983 5095 3152 5168 totius
3172 5110 3386 5168 quoque
3406 5097 3555 5152 orbis

1961 5165 2302 5240 apudiDeum
2329 5165 2602 5238 protector
2617 5165 2876 5234 exnmius,
2911 5166 3148 5236 glorioso
3168 5165 3250 5240 tra
3263 5165 3412 5240 nsi_tu
3436 5175 3556 5240 ter-_

1961 5236 2046 5294 ras
2097 5236 2587 5310 deserenstcmlos
2625 5246 2934 5310 penetrans,
2983 5236 3294 5310 praesentiae
3331 5236 3555 5310 Domini

1961 5311 2206 5366 redditus
2238 5306 2506 5374 est.'Quid
2535 5306 2682 5379 dico,
2713 5308 2861 5381 quod
2888 5306 3060 5366 terras
3082 5306 3345 5372 deseruit,
3375 5306 3554 5376 cujus,

1962 5442 2175 5500 quoque
2210 5442 2523 5500 sermonem
2573 5425 2632 5480 in
2678 5425 2794 5481 suis
2838 5441 2967 5481 mss.
3019 5422 3235 5480 invenit
3283 5437 3348 5479 ac
3395 5421 3556 5478 nobis

1960 5496 2250 5569 exscripsit
2280 5496 2610 5554 Chiﬂletius.
